4609 5692
1945 421 2451 496 ...11-

1458 635 1684 701 τοιαῦτ’
1738 638 1799 700 ἐν
1843 641 2024 714 οἴκοις
2068 639 2226 701 ἐστὶν
2261 628 2562 724 Ἀδμτῗτου
2609 626 2783 698 κακοὶ·

1458 761 1559 821 καὶ
1602 749 1928 822 κατθανών
1969 756 2019 820 τ’
2072 754 2144 821 οἷν
2186 753 2389 836 ὤλετ’,
2431 750 2707 843 ἐκφυγὼν
2748 748 2805 818 δ’
2860 760 2985 842 ἔχει

1461 883 1753 942 τοσοῦτον
1794 872 1995 964 ἄλγος,
2041 871 2247 941 οὔποθ’
2304 866 2372 940 οὗ
2413 868 2749 946 λελήσεται.

541 1000 875 1064 Wheolero
921 1002 1193 1084 suspecti
1242 999 1536 1064 videntur
1583 1021 1641 1062 v,
1672 1000 1789 1063 197
1822 1003 1884 1062 et
1917 1000 2068 1078 1983
2115 1003 2177 1062 at
2211 1000 2305 1062 eis
2351 999 2625 1082 suspecti
2670 1017 2797 1060 non
2844 996 3250 1079 videbuntur,
3316 999 3426 1081 qui
3470 998 3875 1062 meminerint

541 1119 713 1184 illius
760 1120 1034 1184 Graecae
1081 1121 1337 1203 linguae
1382 1120 1884 1200 consuetudiniS,
1931 1140 2057 1204 qua
2099 1122 2322 1202 poetae
2364 1117 2757 1203 longioribus
2802 1117 3192 1182 orationibus
3222 1119 3287 1181 in
3319 1117 3449 1182 fine
3494 1119 3870 1183 sententiam

538 1240 767 1304 addere
815 1242 1034 1304 solent.
1122 1239 1265 1304 Hoc
1310 1259 1561 1324 semper
1603 1239 1736 1304 fieri
1780 1242 1845 1304 in
1896 1241 2262 1304 nuntiorum
2312 1238 2776 1304 narrationibus
2815 1238 2998 1303 facile
3044 1239 3374 1320 videmuS,
3433 1236 3666 1322 quibus
3711 1239 3873 1303 hanc

538 1361 729 1423 huius
772 1360 1044 1424 famulae
1090 1362 1514 1424 narrationem
1581 1360 1967 1425 simillimam
2034 1379 2176 1424 esse
2225 1378 2454 1443 negare
2501 1378 2627 1422 non
2675 1377 3038 1441 possumus.
3125 1359 3212 1422 At
3281 1357 3464 1439 mihi,
3528 1361 3598 1422 ut
3639 1358 3870 1422 melius

538 1474 995 1562 perspiciamus
1038 1479 1197 1543 duos
1242 1480 1384 1544 illos
1430 1499 1656 1544 versus
1700 1501 1845 1544 cum
1891 1482 2019 1563 eis,
2062 1499 2224 1563 quae
2269 1479 2669 1561 antecedunt,
2700 1483 2832 1544 arto
2877 1479 3132 1543 vinculo
3178 1478 3547 1561 cohaerere,
3589 1477 3871 1543 scriben-

536 1599 687 1662 dum
736 1620 792 1665 v.
845 1601 963 1664 196
1010 1620 1121 1683 pro
1172 1591 1475 1685 Ἀδμήτου
1525 1619 1668 1664 esse
1730 1601 1976 1665 videtur
2011 1591 2314 1686 Ἀδμήτῳ.
2404 1599 2469 1664 Si
2518 1600 2812 1664 deessent
2855 1600 2948 1664 illi
2994 1616 3251 1681 versuS,
3316 1599 3532 1663 minus
3575 1598 3870 1682 placeret,

536 1720 872 1801 repetitum
916 1719 1184 1783 verbum
1231 1712 1530 1805 Ἄδμητος
1576 1722 1638 1783 in
1699 1740 1757 1782 ν.
1812 1721 1950 1784 199.
2002 1725 2149 1803 post
2193 1709 2495 1804 Ἀδμήτου
2551 1721 2618 1783 in
2664 1740 2724 1782 v.
2776 1720 2913 1787 196.
2998 1718 3341 1803 Postquam
3399 1720 3593 1802 igitur
3634 1717 3871 1783 famula

537 1839 959 1903 narrationem
1004 1840 1214 1903 finivit
1254 1840 1674 1924 adiunxitque
1719 1840 1989 1905 Admeto
2048 1840 2215 1904 domi
2280 1844 2453 1903 tanta
2496 1840 2661 1904 mala
2705 1859 2887 1922 esse,
2943 1845 3011 1903 ut
3055 1858 3276 1904 eorum
3317 1858 3650 1923 nunquam
3710 1836 3869 1902 obli-

536 1961 697 2023 visci
742 1961 947 2043 possit
988 1961 1026 2026 i.
1073 1980 1127 2024 e.
1170 1964 1501 2044 postquam
1547 1960 1785 2025 famula
1828 1980 2017 2024 suum
2065 1961 2143 2024 de
2196 1959 2450 2024 Admeti
2496 1962 2752 2025 miseria
2795 1961 3103 2025 iudicium
3148 1960 3600 2045 pronuntiavit,
3641 1959 3868 2046 chorus

540 2081 788 2165 quaerit
829 2101 889 2142 v.
939 2081 1059 2144 199
1105 2085 1167 2144 et
1215 2083 1354 2146 200.

1363 2174 1400 2253 ἦ
1444 2204 1558 2245 που
1604 2173 1872 2256 στενάζει
1914 2175 2126 2245 τοισίδ’
2164 2175 2463 2267 Ἄδμητος
2509 2191 2713 2256 κακοῖς

1368 2303 1616 2387 [ἐσθλῆς
1657 2293 1950 2386 γυναικός,
1993 2308 2043 2365 εἰ
2084 2302 2440 2390 στερηθθῆναί
2481 2324 2552 2388 γε
2594 2293 2759 2388 χρὴ]

532 2424 575 2484 i.
620 2441 673 2485 e.
721 2424 1088 2506 queriturne
1133 2422 1442 2486 Admetus
1500 2423 1579 2487 de
1648 2423 1761 2487 hac
1823 2423 2218 2487 calamitate?
2286 2421 2428 2486 Mea
2493 2422 2750 2506 quidem
2815 2422 3130 2485 sententia
3195 2418 3459 2484 dubium
3526 2440 3654 2484 non
3716 2439 3861 2486 esse

530 2546 773 2627 potest,
820 2545 974 2627 quin
1012 2542 1201 2607 verba
1224 2535 1447 2606 τοιοίδε
1491 2554 1695 2617 κακοῖς
1730 2543 2121 2608 revocandae
2166 2545 2296 2606 sint
2341 2542 2417 2606 ad
2464 2561 2539 2607 ea
2582 2543 2815 2624 omnia,
2862 2561 3026 2625 quae
3072 2544 3260 2605 antea
3301 2540 3540 2605 famula
3575 2542 3851 2605 narravit

533 2682 696 2745 quae
740 2664 807 2725 in
854 2662 983 2726 fine
1028 2681 1218 2725 versu
1258 2662 1374 2726 196
1420 2660 1643 2725 τοιαῦτ’
1700 2664 1760 2725 ἐν
1803 2667 1982 2738 οἴκοις
2026 2664 2183 2726 ἐστὶν
2220 2653 2500 2748 Ἀδμήτῳ
2544 2653 2706 2724 κακά
2749 2662 3083 2746 complexa
3112 2666 3225 2725 est.
3278 2659 3424 2725 Non
3457 2662 3648 2746 igitur
3678 2665 3868 2746 egent

532 2782 687 2846 haec
730 2781 925 2847 verba
968 2785 1352 2846 accuratiore
1403 2783 1825 2867 explicatione
1860 2783 2091 2868 qualis,
2134 2785 2202 2847 in
2248 2804 2307 2846 v.
2356 2784 2478 2847 200
2524 2782 2807 2864 additur,
2874 2781 2986 2846 sed
3019 2800 3131 2867 per
3175 2799 3245 2845 se
3290 2780 3481 2865 plane
3525 2782 3866 2865 perspicua

532 2908 697 2968 sunt.
760 2904 907 2968 Sive
942 2906 1007 2966 in
1054 2924 1112 2964 v.
1137 2905 1258 2967 200
1291 2902 1628 2968 scribimus
1659 2909 1711 2965 εἰ
1741 2903 2098 2988 στερηθῆναί
2124 2925 2199 2988 γε
2229 2892 2340 2988 χρῦ
2381 2903 2548 2987 quod
2582 2904 2842 2967 omnino
2871 2902 3018 2966 ferri
3062 2921 3191 2966 non
3218 2904 3440 2986 potest,
3486 2901 3622 2965 sive
3647 2900 3866 2966 scribi-

530 3044 674 3088 mus
698 3013 768 3098 {4
798 3026 1158 3110 στερηθῆναι
1205 3044 1316 3085 exre
1359 3014 1472 3109 χρή
1497 3025 1680 3088 valde
1706 3011 2024 3107 'suspecta
2068 3043 2211 3088 esse
2256 3023 2490 3087 debent
2522 3023 2680 3086 haec
2722 3020 2936 3105 verba,
2967 3026 3159 3106 atque
3199 3020 3266 3085 id
3309 3040 3385 3084 eo
3429 3022 3654 3106 magis,
3698 3022 3867 3106 quod

529 3163 604 3207 oa
657 3142 929 3207 famulae
976 3142 1189 3225 verba,
1234 3162 1399 3227 quae
1456 3144 1645 3207 choro
1691 3146 2017 3227 quaerenti
2061 3135 2100 3213 ἦ
2153 3166 2268 3206 που
2313 3134 2579 3218 στενάζει
2621 3142 2977 3227 respondet,
3020 3139 3202 3203 κλείει
3242 3138 3294 3226 γ’
3351 3133 3580 3204 ἄκοιτιν
3621 3161 3680 3204 v.
3725 3141 3866 3206 201·

531 3264 722 3326 nullis
768 3264 1110 3327 interiectis
1160 3263 1371 3327 verbis
1416 3266 1623 3327 statim
1673 3265 1853 3347 sequi
1906 3261 2137 3328 debere
2183 3264 2648 3328 demonstratur
2690 3262 2930 3326 adiecta
2993 3262 3100 3326 illa
3142 3262 3448 3346 particula
3498 3282 3570 3345 γε
3598 3265 3656 3343 ¹).
3749 3262 3863 3326 Est

529 3382 926 3465 interpolatio
973 3383 1260 3446 eiusdem
1301 3385 1576 3466 generis,
1623 3383 1840 3466 quales
1885 3383 2409 3448 Wilamowitzius
2454 3383 2637 3447 Anal.
2685 3404 2742 3468 p.
2789 3384 2912 3446 205
2947 3383 3162 3467 plures
3206 3383 3543 3466 congessit.

861 3500 1203 3585 Postquam
1251 3502 1489 3565 famula
1543 3502 1801 3565 domum
1848 3503 2139 3583 intravit,
2204 3503 2433 3566 chorus
2473 3521 2722 3568 carmen
2771 3504 2973 3584 canit,
3035 3500 3204 3586 quod
3246 3501 3386 3566 finit
3429 3501 3862 3585 compluribus

528 3622 888 3705 anapaestis
934 3642 994 3682 v.
1041 3623 1396 3704 238—243,
1443 3641 1604 3706 quos
1651 3621 1936 3706 Euripidi
1982 3622 2436 3687 abiudicandos
2482 3641 2625 3686 esse
2656 3622 3031 3687 Wheelerus
3072 3622 3239 3686 dicit.
3299 3620 3487 3687 Putat
3530 3624 3703 3687 enim
3745 3622 3861 3686 hos

530 3759 755 3804 versus
803 3758 1011 3823 noque
1056 3759 1199 3804 cum
1238 3742 1367 3822 eis,
1434 3761 1598 3825 quae
1652 3743 2064 3823 antecedunt,
2132 3762 2342 3826 neque
2388 3761 2532 3807 cum
2579 3744 2703 3824 eiS,
2769 3761 2932 3827 quae
2978 3746 3362 3826 sequuntur,
3427 3742 3559 3807 ullo
3603 3742 3862 3807 vinculo

529 3860 879 3927 cohaerere.
964 3858 1130 3921 Nam
1175 3859 1669 3923 misericordiam
1718 3862 1845 3925 iam
1888 3865 2069 3926 antea
2117 3880 2324 3945 usque
2369 3860 2446 3924 ad
2492 3881 2550 3924 v,
2585 3862 2708 3925 236
2752 3862 3012 3926 chorum
3041 3862 3416 3946 plenissime
3442 3865 3859 3946 expressisse.

530 3981 613 4042 At
659 3981 921 4043 minime
967 3997 1069 4043 res
1112 3979 1200 4042 ita
1247 3999 1315 4042 se
1358 3978 1572 4054 habct;
1639 3982 1833 4046 immo
1878 4002 2029 4045 vero
2090 3984 2438 4065 sententia,
2500 4001 2662 4066 quae
2707 3981 2806 4045 his
2851 3983 3209 4066 anapaestis
3252 3982 3451 4066 inest,
3522 4002 3666 4048 cum
3720 3987 3861 4069 ipso

528 4099 807 4162 carmine
853 4099 1378 4163 coniunctissima
1421 4105 1534 4164 est.
1624 4099 1787 4164 Nam
1832 4102 1930 4165 his
1989 4103 2384 4186 anaepaestis
2453 4102 2945 4166 misericordiam
2990 4121 3171 4170 suam
3217 4121 3368 4185 prae
3413 4122 3482 4168 se
3525 4104 3686 4169 ferre
3732 4125 3860 4170 uon

526 4219 690 4298 vult:
760 4219 823 4282 id
868 4222 1054 4283 antea
1096 4221 1270 4300 fecit,
1337 4238 1482 4283 cum
1550 4220 1712 4284 dixit
1755 4221 2096 4285 Admetum
2134 4241 2385 4286 summa
2429 4223 2685 4287 miseria
2724 4223 2991 4306 opprimi
3035 4240 3144 4303 ee,
3214 4222 3382 4306 quod
3425 4223 3724 4288 feminam
3769 4226 3863 4289 di-

529 4338 931 4403 lectissimam
976 4338 1278 4422 perderet,
1299 4360 1443 4404 cum
1490 4341 1792 4425 populum
1831 4342 2190 4406 adhortatus
2227 4346 2344 4422 est,
2385 4346 2458 4407 ut
2500 4342 2661 4405 hanc
2706 4341 2897 4405 huius
2929 4342 3213 4406 mulieris
3243 4344 3512 4427 optimae
3542 4345 3860 4410 miseriam

530 4456 874 4540 deploraret
917 4460 1011 4540 (cf.
1058 4478 1117 4520 v.
1164 4461 1557 4542 225-237);
1606 4462 1716 4525 sed
1764 4463 2007 4544 aperire
2042 4463 2198 4545 vult,
2244 4462 2396 4546 quid
2442 4482 2524 4525 ex
2555 4463 2670 4526 hac
2712 4481 2780 4525 re
2821 4461 3193 4526 discendum
3224 4463 3328 4526 vel
3353 4462 3858 4529 concludendum

528 4579 632 4659 sit,
681 4597 766 4641 sc.
816 4581 1138 4643 neminem
1207 4579 1372 4644 hanc
1436 4580 1853 4645 calamitatem
1919 4583 2271 4645 intuentem
2351 4585 2568 4664 postea
2614 4581 2923 4646 affirmare
2964 4601 3153 4667 posse
3196 4584 3452 4667 nuptias
3497 4583 3861 4651 hominibus

864 4833 917 4898 1)
955 4832 1037 4886 Ad
1075 4833 1216 4887 hunc
1254 4848 1405 4886 usum
1448 4833 1607 4886 huius
1661 4833 1953 4902 particulae
2008 4852 2061 4900 γε
2093 4835 2418 4889 sententiam
2472 4835 2553 4890 vel
2608 4834 2880 4903 singulum
2934 4834 3245 4889 vocabulum
3280 4837 3376 4889 aut
3410 4834 3729 4891 affirmantis
3765 4841 3862 4893 aut

529 4918 845 4987 corrigentis
882 4919 947 4974 cf.
994 4921 1109 4976 Alc.
1144 4922 1255 4984 149,
1293 4920 1364 4972 50
1402 4912 1603 4987 (κόσμος
1638 4914 1683 4986 γ’
1726 4920 1953 4990 ἕτοιμος).
2026 4920 2186 4974 Andr.
2230 4922 2364 4975 1588
2390 4926 2446 4975 et
2480 4923 2548 4976 89
2586 4915 2790 4989 (ψαῦσον
2824 4915 2900 4988 γ’)
2938 4922 3035 4977 911
3075 4924 3132 4976 et
3172 4922 3233 4975 12
3270 4915 3436 4990 (φόνον
3452 4922 3527 4992 γε)
3564 4923 3667 4978 813
3702 4928 3758 4978 ot
3799 4927 3862 4978 14

527 5006 711 5073 (γέρων
746 5009 824 5072 γε)
861 5009 963 5063 915
1000 5030 1043 5066 0,
1090 5010 1151 5063 16
1188 5001 1371 5074 (πατήρ
1412 5025 1489 5073 γε)
1530 5007 1631 5059 917
1668 5012 1723 5060 et
1767 5009 1828 5060 18
1867 5004 2017 5077 (αἰδοῖ
2052 5008 2143 5076 γε).
2216 5008 2366 5063 Bach
2402 5009 2505 5061 505
2552 5010 2674 5070 (δεῖν
2707 5011 2785 5074 γε)
2824 5008 2942 5062 970.
2997 5002 3203 5078 (τρυφὰς
3236 5027 3288 5076 γε
3324 5002 3554 5078 τοιάσδε).
3601 5011 3690 5066 Sic
3717 5014 3860 5067 recte

524 5092 741 5146 Hecuba
781 5092 876 5149 774
912 5101 1065 5171 (τίνος
1102 5088 1149 5166 γ’
1187 5086 1267 5146 ὑπ’
1310 5085 1505 5158 ἄλλον).
1578 5093 1642 5146 cf.
1674 5093 1775 5145 905
1813 5101 1867 5146 et
1912 5094 2039 5146 10¹“4
2079 5099 2134 5148 et
2169 5094 2366 5148 multos
2402 5094 2533 5148 alios
2568 5094 2725 5149 locos.
