4609 5692
2171 404 2669 479 ..10-

754 616 943 684 talem
986 636 1162 699 esse,
1226 621 1296 682 ut
1348 638 1486 684 eam
1544 620 1865 683 viventem
1922 620 1986 682 et
2048 632 2360 684 mortuam
2409 620 2733 683 nominare
2773 622 3001 703 possis.
3093 620 3303 684 Chen:
3353 619 3477 696 Qui
3520 621 3659 684 fieri
3703 624 3941 703 potest,
4012 624 4090 682 ut

750 738 917 802 idem
963 741 1026 803 et
1066 741 1241 803 vivat
1282 742 1344 803 et
1388 742 1630 803 mortua
1674 739 1802 803 sit?
1870 737 2070 803 Fam:
2138 737 2283 803 Jam
2331 759 2528 823 prona
2590 740 2667 804 ad
2735 746 2997 806 mortem
3044 745 3156 805 est.
3250 739 3462 803 Onon:
3529 738 3719 804 Nulla
3764 741 3890 803 iam
3940 756 4088 821 spes

751 862 876 942 est,
941 859 1134 923 vitam
1180 860 1322 924 eius
1386 861 1622 923 servari
1666 859 1906 942 posse?
1974 858 2178 923 Fam:
2248 859 2438 925 Nulla
2482 864 2614 939 est;
2664 881 2813 925 nam
2861 862 2976 925 boc
3019 861 3124 924 die
3177 860 3481 924 Alcestidi
3529 860 3928 923 moriendum
3972 864 4085 923 est.

749 976 988 1060 Restat,
1030 982 1101 1042 ut
1142 978 1219 1043 de
1264 978 1554 1044 Muelleri
1599 981 1956 1043 coniectura
2001 999 2226 1044 versus
2278 980 2414 1046 144.
2454 982 2535 1043 45
2575 984 2719 1064 post
2752 982 2871 1045 149
2903 981 3382 1045 translocandos
3413 999 3578 1061 esse,
3620 980 3772 1063 quid
3819 980 4087 1043 sentiam

749 1095 1077 1182 proferam.
1154 1099 1364 1183 Atque
1407 1098 1682 1163 concedo
1728 1101 1888 1163 hanc
1916 1099 2202 1163 Muelleri
2235 1101 2614 1163 sententiam
2662 1100 2814 1164 mihi
2849 1102 3049 1183 primo
3095 1099 3316 1163 obtutu
3363 1099 3547 1162 valde
3592 1099 3926 1176 arrisisse;
3976 1098 4085 1161 sed

746 1215 997 1299 probari
1045 1219 1302 1302 nequit,
1369 1221 1517 1302 quia
1588 1220 1745 1284 falso
1790 1240 1850 1282 v.
1902 1220 2019 1284 145
2070 1223 2528 1304 interpretatur.
2621 1219 2791 1284 Dicit
2833 1221 3026 1283 enim‘
3051 1220 3233 1283 illum
3280 1219 3672 1302 significare,
3741 1219 4084 1282 Admetum

750 1355 878 1402 non
922 1338 1098 1419 prius
1144 1337 1608 1402 intellecturum
1654 1359 1819 1423 esse,
1869 1340 2074 1425 qualis
2118 1343 2199 1404 sit
2241 1341 2544 1421 AlcestiS,
2588 1360 2778 1424 quam
2827 1339 2935 1403 illa
2979 1343 3226 1402 mortua
3274 1340 3371 1405 sit.
3432 1340 3519 1401 At
3563 1339 3665 1401 hic
3712 1357 3944 1401 sensus
3993 1341 4087 1401 in-

748 1474 891 1519 esse
934 1475 1063 1520 non
1106 1461 1337 1540 potest,
1410 1459 1559 1542 quia
1601 1458 1711 1522 illa
1771 1458 1963 1524 verba
2028 1461 2151 1533 οἵας
2213 1455 2332 1533 οἷος
2396 1455 2478 1520 ὢν
2538 1448 2890 1545 ἁμαρτάνεις
2959 1478 3084 1521 non
3153 1458 3368 1522 referri
3414 1463 3686 1541 possunt
3751 1458 3826 1521 ad
3894 1448 4085 1542 μάθῃ.

749 1574 1076 1661 Significat
1119 1579 1312 1661 igitur
1354 1579 1516 1642 nihil
1561 1579 1755 1663 aliud,
1800 1601 1991 1665 quam
2039 1580 2376 1643 Admetum
2425 1583 2686 1643 mortem
2733 1580 2952 1642 uxoris
2999 1597 3128 1640 non
3172 1580 3351 1661 prius
3400 1580 3583 1658 scire,
3629 1597 3820 1660 quain
3866 1578 3974 1640 illa
4016 1596 4083 1640 re

748 1714 898 1760 vera
940 1700 1185 1761 mortua
1230 1699 1328 1762 sit.
1414 1696 1553 1763 Hoc
1599 1703 1807 1764 autem
1853 1720 1995 1764 cum
2044 1700 2342 1764 omnibus
2398 1700 2621 1763 ceteris
2665 1698 2914 1763 fabulae
2961 1700 3114 1763 locis
3161 1718 3448 1781 pugnare
3517 1699 3867 1781 unicuique
3935 1716 4086 1761 eon-

747 1815 1099 1881 cedendum
1141 1821 1238 1882 est
1280 1818 1382 1901 (cf.
1427 1820 1570 1882 420.
1614 1822 1714 1882 21.
1775 1821 2152 1903 201—203).
2241 1819 2381 1896 Qua
2423 1819 2501 1884 de
2545 1838 2738 1883 causa
2781 1819 2845 1882 hi
2891 1819 3016 1882 duo
3056 1835 3282 1880 versus
3333 1817 3472 1896 144,
3517 1817 3598 1877 45
3646 1834 3897 1878 summo
3946 1819 4085 1880 iure

746 1933 902 1997 mihi
948 1936 1412 2018 suspectissimi
1437 1937 1753 2019 videntur,
1798 1958 2182 2024 quamquam
2216 1939 2612 2004 emendando
2652 1940 2745 2002 eis
2774 1957 2888 2002 nos
2919 1938 3159 2001 mederi
3203 1954 3391 2020 posse
3424 1954 3655 2018 negare
3701 1955 3826 1999 non
3858 1937 4084 2004 ausim.

747 2052 869 2117 Sed
913 2055 1073 2118 nibil
1116 2055 1337 2138 haben,
1382 2056 1552 2140 quod
1594 2077 1722 2123 non
1770 2061 1909 2124 sine
1953 2062 2165 2143 specie
2211 2061 2344 2125 veri
2388 2060 2662 2144 proferre
2704 2060 2963 2143 possim.
3062 2055 3296 2120 Versus
3349 2057 3467 2118 148
3512 2056 3720 2144 et1519
3768 2057 3907 2118 sine
3955 2056 4083 2120 ulla

747 2192 937 2239 causa
982 2176 1184 2240 eiecit.

1077 2294 1322 2360 Versus
1371 2296 1511 2378 183,
1556 2298 1667 2361 84:

1661 2464 1822 2516 κυνεῒ
1858 2445 1930 2515 δὲ
1969 2453 2420 2539 προσπίτνουσα,
2463 2457 2581 2516 πᾶν
2622 2444 2693 2514 δὲ
2730 2444 2963 2537 δέμνιον

1665 2570 2199 2660 ὀφθαλμοτὲγκτῳ
2245 2563 2485 2636 δεύεται
2527 2562 2910 2657 πλημμυρίδι.

747 2725 1123 2792 Wheelerus
1167 2727 1594 2811 interpolatori
1640 2726 1876 2809 tribuit,
1942 2748 2132 2813 quem
2197 2729 2433 2793 formae
2476 2729 2776 2791 varietate
2842 2728 2995 2790 satis
3041 2723 3309 2788 mirabili
3358 2726 3685 2786 curavisse
3735 2723 3954 2802 iactat,
3998 2739 4079 2783 ne

748 2848 893 2930 quis
934 2846 1176 2912 videret
1217 2848 1440 2911 horum
1487 2866 1788 2912 versuum
1859 2850 2060 2932 ipsam
2130 2867 2261 2911 rem
2331 2847 2595 2912 eandem
2661 2866 2836 2928 esse,
2893 2866 3084 2931 quam
3152 2845 3338 2929 plane
3400 2844 3819 2926 descripserat
3891 2847 4076 2924 poeta

700 2965 711 2976 '
748 2985 805 3029 v.
859 2964 978 3029 175
1022 2971 1085 3032 et
1131 2967 1277 3032 176:

1665 3087 1919 3153 κᾶπειτα
1962 3080 2245 3174 θάλαμον
2286 3094 2639 3152 εἰσπεσοῦσαι
2682 3090 2782 3151 καὶ
2820 3087 3002 3173 λέχος

1664 3209 1931 3272 ἐνταῦθα
1972 3200 2048 3279 δὴ
2085 3200 2368 3296 ’δάκρυσε
2412 3209 2512 3270 καὶ
2554 3207 2717 3293 λέγει
2758 3198 2925 3270 τάδε.

747 3362 878 3428 vix
922 3383 1081 3449 opus
1127 3365 1374 3428 videtur
1416 3364 1634 3429 multis
1698 3364 1908 3428 verbis
1954 3364 2115 3427 hanc
2160 3365 2588 3447 suspicionem
2632 3360 2936 3443 refutare,
2991 3379 3154 3444 quae
3210 3362 3372 3425 hanc
3418 3379 3712 3424 scaenam
3759 3364 4076 3444 egregiam

746 3485 1113 3566 turpissime
1157 3482 1378 3547 foedat.
1494 3481 1658 3547 Satis
1712 3484 1862 3561 erit,
1924 3483 2376 3546 sententiarum
2438 3501 2758 3546 conexum
2803 3482 3207 3564 explicuisse.
3314 3480 3478 3556 Quid
3546 3482 3693 3544 facit
3755 3480 4078 3543 Alcestis?

744 3601 1087 3688 Postquam
1131 3603 1492 3668 recentibus
1545 3602 1831 3668 vestibus
1903 3602 2121 3666 induta
2175 3607 2321 3667 ante
2372 3622 2541 3667 aram
2587 3603 2824 3666 Vestae
2870 3603 3097 3681 oravit,
3138 3621 3220 3664 ne
3265 3600 3496 3664 liberos
3543 3619 3694 3664 suos
3738 3600 4078 3678 desereret,

744 3724 931 3787 etiam
975 3723 1256 3809 reliquas
1301 3743 1461 3807 araS,
1505 3743 1668 3808 quae
1714 3724 1779 3785 in
1825 3724 2012 3788 domo
2055 3722 2312 3787 Admeti
2359 3727 2538 3804 sunt,
2584 3721 2747 3802 adit,
2793 3721 3080 3807 singulas
3125 3722 3386 3802 myrteis
3429 3723 3620 3784 ramis
3667 3725 3878 3800 ornat,
3933 3723 4078 3781 ante

745 3844 1031 3927 singulas
1074 3864 1294 3929 preces
1333 3842 1513 3926 facit,
1573 3851 1636 3908 at
1699 3846 1853 3908 haec
1897 3845 2110 3908 omnia
2176 3844 2354 3908 nullo
2420 3843 2661 3925 gemitu
2729 3843 2929 3917 edito,
2993 3839 3189 3904 nullis
3234 3841 3509 3904 lacrimis
3552 3840 3799 3922 effusiS,
3867 3839 4072 3901 colore

744 3966 868 4028 oris
913 3984 1038 4028 nou
1087 3969 1341 4031 mutate.
1428 3964 1553 4028 Ubi
1598 3969 1809 4029 autem
1853 3964 2220 4029 cubiculum
2265 3964 2627 4047 lectumque
2677 3962 2950 4042 intravit,
2994 3965 3128 4024 tum
3173 3961 3586 4024 lacrimare
3646 3959 3951 4041 coepit,
3997 3995 4076 4004 —

742 4088 873 4151 uoli
919 4089 1092 4151 enim
1137 4086 1471 4170 neglegere
1515 4089 1764 4169 tempus
1822 4085 2124 4148 aoristum
2168 4073 2487 4168 ἐδάκρυσε,
2555 4101 2679 4165 quo
2734 4081 2812 4145 ad
2866 4082 3175 4144 actionem
3233 4081 3644 4162 incipientem
3704 4079 3807 4139 vel
3858 4079 4070 4159 ingro-

742 4208 1018 4272 dieutem
1064 4205 1545 4291 significandam
1578 4204 1799 4272 Graeci
1838 4206 1929 4267 uti
1972 4204 2200 4285 solent,
2245 4204 2309 4267 id
2356 4202 2525 4286 quod
2570 4201 2944 4265 Wheelerus
2986 4219 3243 4284 prorsus
3289 4199 3568 4281 neglexit
3619 4235 3676 4243 —-
3710 4198 4072 4279 lectumque

741 4329 1098 4412 alloquitur.
1164 4324 1508 4409 Postquam
1541 4326 1732 4389 verba
1761 4326 1963 4389 facere
1993 4323 2202 4406 desiit,
2243 4323 2476 4386 lectum
2511 4321 2829 4385 osculatur
2873 4320 3219 4403 multisque
3253 4318 3527 4382 lacrimis
3555 4320 3729 4401 rigat.
3801 4315 4074 4380 Prorsus

741 4447 937 4532 igitur
979 4447 1101 4511 alia
1143 4464 1247 4510 res
1292 4451 1409 4528 est,
1455 4465 1617 4530 quae
1660 4464 1720 4506 v.
1770 4444 1910 4524 183,
1951 4445 2032 4506 84
2078 4447 2140 4507 et
2182 4462 2242 4503 v.
2293 4442 2413 4505 175
2459 4445 2521 4504 et
2569 4441 2685 4504 176
2729 4438 3123 4504 describitur.
3211 4436 3482 4501 Tantum
3529 4437 3718 4520 igitur
3761 4434 3960 4518 abest,
4005 4440 4075 4500 ut

742 4568 866 4631 illis
904 4567 1154 4631 duobus
1218 4564 1515 4631 versibus
1588 4583 1798 4629 carere
1842 4565 2162 4648 possimus
2225 4567 2314 4643 ut,
2379 4562 2597 4624 eiectis
2663 4560 2789 4624 illis
2836 4558 3126 4626 versibus
3175 4578 3230 4620 v.
3295 4559 3412 4620 185
3481 4557 3606 4619 ἐπεὶ
3670 4547 3741 4618 δὲ
3805 4547 4075 4642 δακρύων

738 4689 982 4749 πολλῶν
1065 4683 1220 4773 εἶχεν
1284 4676 1456 4773 κόρον
1517 4689 1662 4768 post
1720 4674 2000 4769 ’δάκρυσε
2062 4681 2269 4744 solum
2312 4682 2483 4744 omni
2549 4677 2857 4762 probabili
2903 4696 3100 4742 sensu
3162 4677 3500 4741 destitutus
3548 4678 3647 4739 sit.
3735 4677 3833 4740 Ad
3881 4675 4072 4740 verba

740 4797 1022 4892 θάλαμον
1085 4810 1438 4869 εἰσπεσοῦσαι
1493 4806 1593 4866 καὶ
1652 4801 1860 4889 λέχος,
1921 4821 2082 4886 quae
2126 4803 2390 4864 fortasse
2433 4799 2804 4882 scrupulum
2849 4816 3105 4861 movere
3150 4802 3456 4881 possunt,
3523 4795 3716 4859 velim
3764 4795 4071 4874 conferas,

740 4946 906 5012 quae
945 4925 1194 4990 Helena
1228 4926 1349 4989 696
1395 4926 1473 4989 de
1517 4944 1586 4989 se
1633 4925 1809 4988 dicit:
1857 4920 1963 4986 ὅτε
2007 4921 2286 5007 μέλαθρα
2327 4919 2517 5006 λέχεσι
2559 4917 2609 4981 τ’
2664 4921 2881 4982 ἔλιπον.

1070 5064 1336 5128 Famula
1383 5065 1804 5128 narrationem
1852 5080 2030 5124 suam
2081 5061 2179 5124 his
2221 5058 2426 5123 tribus
2471 5057 2763 5122 versibus
2808 5057 2946 5120 finit
2999 5054 3325 5119 196-198
