4609 5692
1988 449 2496 520 -21-

777 659 879 723 Ex
945 660 1141 723 altera
1215 663 1392 744 parte
1458 660 1761 723 orationis
1826 658 2117 741 Admeti,
2179 679 2348 743 quae
2416 681 2454 722 a
2514 681 2570 722 ν.
2629 660 2753 722 648
2808 678 3016 742 usque
3070 657 3149 721 ad
3213 677 3271 719 v.
3328 656 3452 719 672
3513 658 3812 740 pertinet,

442 778 821 864 Lentingius
845 781 895 862 1)
928 798 1158 844 versus
1180 779 1325 862 651,
1357 780 1437 842 52
1469 776 1884 863 expellendos
1916 777 2238 862 omnibuS,
2272 799 2330 842 v.
2363 778 2697 842 666-668
2727 777 3145 860 expellendos
3180 795 3324 840 esse
3356 774 3749 839 Badhamius
3763 777 3812 859 2)

441 902 767 984 plerisque
812 899 968 963 viris
1019 899 1221 963 doctis
1264 898 1520 963 videtur
1563 898 1980 983 persuasisse.
2080 898 2412 964 Nauckius
2481 916 2736 962 versum
2806 896 2931 960 668
2995 899 3240 959 tantum
3310 896 3598 981 spurium
3666 912 3812 958 osse

442 1018 696 1083 iudicat.
790 1017 1035 1082 Versus
1080 1016 1418 1081 666-668
1464 1018 1558 1080 sic
1600 1015 1911 1080 audiunt:

1285 1134 1560 1206 τέθνηκα
1603 1129 1717 1221 γὰρ
1760 1125 1836 1204 δὴ
1881 1131 2059 1197 τούπὶ
2102 1131 2179 1196 σ’·
2223 1140 2275 1198 εἰ
2313 1127 2372 1197 δ’
2427 1128 2618 1197 ἄλλου
2660 1126 2868 1222 τυχών

1286 1258 1557 1342 σωτῆρος
1592 1248 1781 1340 αὐγὰς
1815 1259 2045 1342 εἰσορῶ,
2091 1254 2279 1319 κείνου
2317 1254 2484 1340 λέγω

1286 1375 1389 1438 καὶ
1428 1365 1617 1437 παῖδα
1659 1371 1713 1459 μ’
1767 1370 1913 1437 εἶναι
1956 1375 2058 1437 καὶ
2102 1373 2274 1460 φίλον
2319 1365 2707 1460 γηροτρόφον.

444 1495 722 1560 Offendit
766 1513 938 1576 eum,
984 1493 1155 1578 quod
1198 1493 1511 1558 Admetus
1556 1511 1627 1557 se
1674 1493 1846 1578 φίλον
1889 1484 2261 1579 γηροτρόφον
2302 1493 2527 1556 uxoris
2573 1511 2728 1557 suae
2762 1494 3084 1571 nominat3
3132 1491 3192 1555 id
3241 1495 3452 1556 autem
3496 1490 3634 1554 fieri
3683 1511 3810 1556 non

442 1633 657 1699 posse,
699 1615 852 1699 quia
895 1613 1177 1679 Alcestis
1221 1615 1347 1677 iam
1392 1616 1642 1677 mortua
1685 1615 1782 1676 sit.
1871 1610 2187 1694 Postulat,
2231 1618 2302 1677 ut
2346 1613 2419 1689 ie,
2454 1613 2567 1696 qui
2613 1631 2682 1676 se
2730 1613 2898 1677 alius
2936 1631 3246 1696 personae
3291 1615 3415 1698 φιλ.
3458 1634 3589 1697 γηρ.
3640 1611 3815 1693 dicit,

441 1736 633 1799 etiam
676 1753 746 1798 re
791 1752 946 1798 vera
988 1733 1108 1798 hoc
1151 1751 1420 1797 munere
1463 1732 1766 1817 fungatur
1819 1752 2100 1817 eumque
2152 1733 2221 1796 in
2276 1736 2603 1797 senectute
2656 1732 2881 1797 foveat.
2974 1731 3100 1796 Sed
3159 1731 3279 1795 hoc
3323 1732 3589 1794 minime
3635 1730 3814 1814 flagi-

437 1855 708 1920 tandum
770 1872 917 1919 esse
970 1870 1224 1917 censeo.
1315 1851 1663 1934 Admetus,
1728 1872 2115 1937 quamquam
2168 1852 2338 1915 haud
2398 1853 2646 1937 ignorat
2712 1868 2977 1916 uxorem
3042 1856 3355 1916 mortuam
3423 1870 3568 1916 esse
3613 1871 3816 1936 seque

449 1977 737 2038 mortuae
783 1992 909 2037 non
959 1975 1082 2057 φιλ.
1126 1994 1260 2058 γηρ.
1304 1989 1449 2036 esse
1494 1988 1715 2056 posse,
1778 1975 1995 2034 tamen
2045 1971 2165 2035 hoc
2207 1971 2390 2053 dicit,
2457 1974 2528 2034 ut
2575 1975 2814 2054 patrem
2861 1991 3080 2036 senem
3123 1971 3327 2035 laedat
3369 1974 3561 2055 atque
3599 1971 3810 2035 violet.

448 2093 659 2158 Velim
706 2093 1077 2157 memineris
1122 2090 1484 2174 verborum,
1514 2109 1680 2175 quae
1725 2087 1963 2153 Pheres
2007 2110 2065 2152 v.
2113 2090 2258 2172 621,
2302 2091 2384 2153 22
2423 2089 2613 2154 dixit:

1291 2211 1393 2273 καὶ
1440 2207 1495 2295 μ’
1550 2206 1660 2272 οὐκ
1702 2200 1909 2271 ἄπαιδ’
1964 2211 2184 2279 ἔθηκεν
2227 2201 2357 2271 οὐδ’
2413 2212 2573 2272 εἴασε
2619 2213 2726 2272 σοῦ

1290 2328 1575 2418 στερέντα
1616 2319 1771 2416 γήρᾳ
1813 2329 2087 2415 πενθίμῳ
2133 2329 2542 2415 καταφθίνειν.

441 2452 661 2537 Sperat
699 2453 894 2537 igitur
934 2449 1171 2515 Pheres
1215 2450 1345 2515 fore
1385 2454 1458 2514 ut
1499 2450 1672 2514 filius
1718 2469 1938 2515 secum
1983 2450 2159 2513 vivat
2200 2469 2402 2534 seque
2447 2468 2671 2513 senem
2718 2450 2953 2512 nutriat
2983 2452 3045 2512 et
3078 2450 3302 2511 foveat.
3391 2446 3580 2512 Hanc
3623 2449 3818 2531 igitur

442 2589 623 2655 spem
666 2570 840 2635 filius
884 2589 1137 2635 summa
1176 2588 1323 2634 cum
1368 2567 1707 2633 acerbitate
1749 2569 1926 2650 fallit,
1971 2588 2118 2633 cum
2163 2568 2315 2632 dicit
2359 2587 2429 2633 se
2473 2569 2708 2651 alium,
2754 2570 2864 2652 qui
2925 2587 2996 2632 se
3057 2568 3439 2648 servaverit,
3481 2567 3816 2631 invenisse

442 2692 715 2774 eiusque
761 2709 831 2754 se
874 2689 1079 2753 filium
1142 2692 1207 2752 et
1258 2691 1381 2775 φιλ.
1428 2710 1558 2775 γηρ.
1608 2707 1771 2753 esse.
1861 2687 2086 2773 Itaque
2146 2688 2237 2751 nil
2284 2688 2489 2766 vide0,
2558 2707 2672 2752 cur
2739 2689 2894 2752 baec
2937 2686 3132 2751 verba
3192 2705 3322 2751 non
3390 2685 3468 2750 ab
3513 2685 3816 2770 Euripide

443 2811 676 2893 scripta
719 2828 863 2874 esse
910 2811 1228 2895 putemus.
1318 2806 1585 2874 Econtra
1628 2807 1898 2873 libenter
1940 2808 2221 2873 concedo
2265 2827 2494 2873 versus
2541 2808 2660 2872 651
2709 2811 2773 2872 et
2817 2809 2930 2873 52:

1283 2918 1458 3014 κάγώ
1501 2925 1553 2990 τ’
1606 2923 1681 2990 ἂν
1722 2919 1881 3002 ἔζων
1912 2919 2069 3015 χῆδε
2122 2922 2221 2992 τὸν
2261 2923 2474 2991 λοιπὸν
2514 2918 2725 3014 χρόνον

1285 3044 1437 3109 κούκ
1474 3042 1549 3109 ἂν
1594 3050 1890 3134 μονωθεὶς
1931 3052 2167 3112 ἔστενον
2209 3058 2417 3122 κακοῖς
2460 3048 2637 3134 ἐμοῖς.

443 3185 519 3229 oo
568 3165 728 3247 loco,
788 3183 916 3249 quo
961 3184 1137 3230 nunc
1179 3170 1369 3249 stant,
1413 3185 1546 3232 non
1587 3172 1757 3232 recte
1802 3173 1985 3233 stare.
2075 3166 2363 3233 Tui-bant
2417 3170 2589 3233 enim
2639 3166 2824 3232 foede
2876 3167 3493 3250 argumentationem
3536 3165 3818 3248 Admeti,

446 3304 610 3369 quae
650 3285 749 3348 his
778 3286 1039 3349 remotis
1066 3287 1422 3351 rectissime
1459 3287 1757 3371 procedit.
1820 3287 2020 3352 Affert
2061 3289 2235 3351 enim
2268 3287 2581 3351 Admetus
2612 3307 2863 3369 causaS,
2892 3307 3007 3351 cur
3035 3284 3273 3350 Pheres
3303 3287 3509 3359 καλῶς
3550 3289 3817 3349 mortem

445 3402 690 3469 obierit.
780 3402 1092 3486 Primum,
1138 3406 1290 3488 quia
1332 3424 1447 3490 pro
1511 3404 1644 3471 filio
1698 3411 1986 3472 mortuus
2043 3411 2239 3486 esset,
2284 3407 2517 3471 deinde
2577 3409 2730 3492 quia
2784 3409 2844 3472 ei
2902 3408 3031 3470 iam
3098 3424 3228 3470 non
3292 3404 3404 3469 diu
3464 3405 3817 3469 vivendum

443 3526 597 3604 erat,
638 3526 775 3587 tum
817 3524 972 3607 quia
1013 3524 1084 3586 in
1129 3524 1261 3588 vita
1296 3526 1512 3590 omnia
1551 3528 1921 3611 accepisset,
1965 3545 2132 3611 quae
2175 3528 2386 3592 virum
2436 3525 2691 3591 beatum
2731 3528 3017 3611 accipere
3061 3543 3341 3609 aequum
3383 3528 3569 3593 esset.
3632 3522 3820 3589 Hanc

441 3643 899 3726 cogitationum
944 3642 1177 3707 seriem
1221 3643 1388 3709 male
1424 3644 1519 3708 illi
1564 3663 1794 3709 versus
1838 3645 1919 3710 ad
1961 3648 2177 3729 ipsum
2220 3646 2588 3726 Admetum,
2632 3666 2763 3710 non
2803 3644 3138 3709 Pheretem
3181 3646 3575 3727 pertinentes
3618 3643 3818 3709 divel-

442 3765 663 3853 lerent.
753 3759 1090 3826 Praeterea
1133 3762 1401 3828 verbum
1447 3765 1747 3849 μονωθεὶς
1784 3766 2212 3850 explicatione
2255 3770 2421 3850 eget,
2462 3786 2590 3850 qua
2620 3785 2750 3830 non
2796 3768 2942 3847 eget
2984 3784 3043 3827 ν.
3075 3764 3198 3829 296
3247 3766 3500 3829 nostrae
3542 3763 3819 3830 fabulae,

444 3880 557 3945 ubi
601 3881 765 3947 redit
793 3900 1023 3946 versus
1052 3883 1408 3966 paullulum
1438 3887 1721 3948 mutatus
1750 3884 1980 3948 additis
2013 3883 2227 3949 verbis
2258 3888 2365 3959 σῆς
2387 3876 2714 3970 δάμαρτος.
2761 3883 2990 3968 Neque
3014 3886 3226 3948 tamen
3259 3884 3417 3947 mihi
3439 3883 3820 3967 persuadere

444 4018 712 4084 possum
756 4000 872 4066 hos
918 4018 1147 4066 versus
1191 4021 1322 4067 non
1368 4003 1729 4086 euripideos
1775 4022 1941 4086 esse,
1986 4023 2072 4069 sc.
2116 4004 2295 4069 fictos
2343 4024 2426 4070 ex
2473 4025 2531 4067 v,
2568 4007 2692 4070 295
2723 4009 2787 4068 et
2816 4005 2917 4069 96.
3005 4003 3170 4068 Nam
3216 4007 3317 4068 est
3358 4003 3524 4068 alius
3567 4006 3820 4067 nostrae

443 4121 747 4184 orationis
777 4120 957 4185 locus
990 4120 1105 4186 ubi
1132 4120 1412 4205 perbene
1444 4127 1629 4187 stant.
1720 4121 2052 4200 Quomodo
2080 4126 2253 4189 enim
2282 4124 2422 4189 fieri
2453 4144 2642 4209 posse
2668 4127 2877 4209 putas,
2913 4127 2984 4190 ut
3011 4124 3327 4188 Admetus
3360 4141 3430 4187 se
3460 4121 3822 4209 μονωθέντα

443 4242 483 4303 i.
510 4259 564 4304 e.
589 4240 909 4304 desertum
943 4240 1046 4305 vel
1074 4240 1366 4306 relictum
1396 4241 1583 4323 dicat,
1611 4261 1757 4306 cum
1786 4247 1965 4325 pater
1993 4243 2200 4308 adhuc
2230 4245 2449 4307 vivat?
2507 4243 2701 4308 Nulla
2729 4250 2898 4309 certo
2929 4244 3052 4308 alia
3081 4244 3160 4308 de
3191 4262 3409 4325 causa,
3439 4261 3634 4327 quam
3667 4243 3820 4326 quia

443 4377 647 4422 uxore
688 4361 888 4442 patris
933 4360 1120 4444 culpa
1161 4362 1399 4425 amissa
1443 4362 1603 4425 nibil
1645 4363 1774 4425 iam
1821 4361 1945 4426 sibi
1988 4364 2081 4426 rei
2124 4381 2270 4427 esse
2316 4383 2459 4428 cnm
2495 4368 2667 4448 patre
2700 4364 2856 4427 vult.
2927 4362 3066 4427 Hac
3108 4382 3192 4428 ex
3223 4364 3468 4427 ratione
3510 4364 3821 4445 sequitur,

444 4481 517 4541 ut
557 4495 784 4542 versus
822 4479 941 4542 651
990 4482 1054 4544 et
1100 4481 1180 4543 52
1224 4480 1553 4545 inserendi
1596 4483 1726 4544 sint
1769 4485 1918 4546 ante
1965 4502 2022 4545 v.
2070 4482 2385 4565 666—68,
2426 4485 2512 4547 ita
2556 4486 2627 4546 ut
2672 4502 2905 4548 sensus
2949 4483 3179 4547 evadat
3233 4484 3367 4547 hic:
3439 4482 3507 4547 Si
3551 4488 3820 4545 mortem

443 4597 736 4680 obiisses,
780 4614 901 4682 ego
944 4618 1094 4665 cum
1135 4618 1337 4664 uxore
1382 4601 1600 4666 vivere
1640 4606 1923 4683 poteram
1975 4620 2185 4685 neque
2233 4602 2386 4666 mihi
2431 4603 2683 4667 desorto
2739 4603 3217 4667 lamentandum
3271 4605 3437 4682 erat3
3497 4620 3646 4666 nam
3706 4599 3821 4665 tibi

446 4719 576 4783 iam
616 4737 747 4783 non
791 4719 1069 4802 amplius
1113 4720 1286 4802 vivo,
1329 4718 1445 4784 tibi
1490 4724 1781 4785 mortuus
1823 4738 1988 4785 sum.

781 5008 837 5073 1)
877 5005 1235 5075 Lentingius:
1272 5005 1501 5076 epistola
1536 5005 1727 5059 critica
1760 5005 1816 5060 in
1853 5005 1978 5060 Eur.
2018 5006 2217 5061 Alcest.
2257 5023 2308 5075 p.
2336 5007 2421 5063 55.

779 5094 833 5159 2)
872 5090 1201 5146 Badhamius
1235 5094 1271 5148 l.
1310 5093 1346 5147 1.
