4609 5692
2131 380 2633 454 ..25-

695 612 768 657 ac
811 599 945 657 tum
1002 594 1326 658 collocatio
1374 594 1722 676 particulae
1778 592 1852 654 τέ
1896 612 2025 656 non
2072 593 2430 656 offenderet.
2529 594 2633 657 Sic
2693 597 2909 659 statuit
2951 594 3481 658 Wilamowitzius
3555 597 3618 657 in
3687 599 4059 660 recensione

696 714 1088 798 Supplicum,
1134 734 1299 798 quae
1343 716 1513 777 inest
1557 714 1841 777 Analect.
1894 712 2275 797 Euripideis.
2364 714 2449 775 At
2494 715 2548 775 si
2594 718 2789 777 artem
2835 716 3306 797 grammaticam
3357 717 3874 797 1·espiciS,multo
3911 718 4059 780 faci-

695 833 820 895 lius
866 831 1184 913 βλέποντες
1216 853 1372 897 Αοιιῡι
1419 823 1831 917 γι“,ννώσκομ.εν
1884 834 2315 915 coniungitur,
2370 854 2558 915 qnam
2605 853 2748 896 cum
2800 824 3055 918 μάντεις,
3103 833 3270 917 quod
3335 837 3638 916 sequitur.
3730 833 4056 899 Praeterea

695 953 849 1015 mihi
897 953 1196 1016 videntur
1240 955 1533 1016 homines
1579 971 1688 1015 eas
1734 957 1979 1015 tantum
2017 971 2118 1016 res
2164 955 2482 1035 augurari,
2530 973 2692 1036 quae
2739 955 2832 1015 cis
2880 952 3184 1016 obscurae
3232 959 3402 1033 sunt,
3444 974 3568 1017 non
3603 974 3710 1017 eas
3742 974 3865 1035 reS,
3900 976 4058 1039 quas

695 1090 824 1135 non
870 1074 1023 1135 satis
1068 1071 1344 1135 dilucide
1391 1062 1783 1155 intellegunt.
1875 1071 2172 1155 Denique
2197 1074 2252 1135 si
2284 1073 2361 1135 ad
2394 1092 2525 1136 rem
2562 1074 2761 1157 ipsam
2789 1077 3056 1156 spectas,
3083 1074 3214 1135 cod.
3241 1072 3309 1135 B.
3335 1075 3706 1156 scripturam
3732 1077 4055 1139 moliorem

694 1211 837 1256 esse
862 1213 944 1257 ex
967 1212 1042 1255 eo
1056 1194 1412 1276 perspicere
1424 1196 1628 1274 potos,
1656 1191 1822 1274 quod
1851 1193 2039 1254 etiam
2067 1193 2144 1273 is,
2167 1194 2275 1275 qui
2302 1197 2497 1256 artem
2520 1212 2836 1275 augurum
2865 1212 2987 1256 non
3012 1192 3351 1275 profitetur,
3385 1213 3468 1256 ex
3490 1193 3746 1257 flamma
3770 1200 3831 1257 et
3858 1197 4058 1258 visce-

692 1312 871 1376 ribus
896 1313 1110 1377 videre
1134 1316 1356 1396 potest,
1399 1311 1552 1395 quid
1574 1318 1825 1395 tempus
1846 1313 2157 1375 incertum
2185 1318 2248 1375 et
2265 1313 2546 1376 futurum
2571 1313 2745 1395 ferat,
2768 1316 2830 1375 at
2851 1332 2929 1374 ex
2953 1312 3181 1376 avibus
3204 1314 3260 1374 is
3287 1318 3527 1376 tantum
3554 1314 3825 1376 divinari
3858 1320 4060 1397 potest

693 1434 805 1515 qui
849 1436 1049 1496 artem
1094 1452 1409 1516 augurum
1456 1430 1797 1515 profitetur.
1886 1429 2009 1493 His
2055 1431 2132 1493 de
2178 1433 2391 1495 causis
2437 1432 2591 1494 mihi
2637 1433 2770 1494 cod.
2821 1431 2891 1494 B.
2942 1434 3248 1515 scriptura
3296 1435 3700 1496 verisimilior
3751 1435 4012 1497 videtur.

1034 1553 1239 1616 Venio
1284 1552 1363 1616 ad
1408 1550 1888 1615 Andromachae
1935 1571 1993 1612 v,
2046 1550 2501 1614 1096—1099:

1534 1666 1654 1731 κάκ
1700 1662 1867 1732 τοῦδ’
1924 1660 2135 1755 ἐχώρει
2179 1662 2382 1755 ρὸθιον
2425 1671 2486 1730 ἐν
2526 1661 2701 1732 πόλει
2745 1661 2932 1732 κακόν

1534 1787 1713 1874 ἀρχαί
1753 1788 1803 1852 τ’
1858 1779 2195 1874 ἑπλῆρουντ’
2251 1794 2332 1862 εἰς
2374 1811 2445 1850 τε
2489 1780 2897 1875 βουλευτήρια,

1536 1901 1655 1988 ἰδίᾳ
1700 1906 1758 1970 θ’
1815 1905 1944 1971 ὅσοι
1988 1913 2136 1970 θεοῦ
2179 1900 2509 1994 χρημάτων
2552 1908 2891 1994 ἐφέστασαν

1534 2021 1800 2111 φρουφάν
1843 2018 2113 2100 ὲτάξαντ’
2168 2029 2229 2088 ἐν
2264 2020 2633 2113 περιπόλοις
2677 2020 2934 2113 δρόμοις.

692 2142 837 2210 Tria
870 2145 1177 2209 babemus
1206 2143 1295 2205 τέ.
1383 2141 1689 2226 Primum,
1736 2146 1905 2229 qued
1948 2151 2095 2229 post
2144 2144 2322 2232 ἀρχαί
2363 2150 2635 2231 positum
2685 2152 2801 2230 est,
2847 2148 3176 2229 conjungit
3220 2145 3484 2209 verbum
3532 2137 3866 2233 ἐπλήρουνέ
3908 2167 4055 2209 cum

692 2266 809 2346 eie,
873 2283 1036 2347 quae
1105 2265 1503 2328 antecedunt.
1592 2262 1893 2329 Proxima
1937 2266 2086 2347 duo,
2133 2287 2298 2350 quae
2366 2275 2508 2350 post
2548 2274 2626 2341 εἰς
2670 2274 2732 2330 ct
2775 2272 2917 2352 post
2981 2259 3098 2347 ἰδίᾳ
3145 2271 3332 2345 stant,
3394 2266 3516 2329 sibi
3567 2267 3952 2349 respondent
3997 2273 4060 2328 et

691 2387 1092 2470 coniungunt
1135 2375 1524 2469 βουλευτήρια
1570 2389 1631 2448 et
1669 2377 1806 2465 ἰδίᾳ.
1872 2385 2290 2451 Enuntiatum
2324 2392 2558 2468 autem,
2588 2390 2759 2471 quod
2793 2391 3100 2471 sequitur,
3131 2389 3272 2451 sine
3307 2386 3432 2449 ullo
3467 2405 3639 2448 nexu
3685 2387 4055 2449 adiunctum

692 2510 807 2570 est.
894 2505 1073 2570 Haec
1120 2507 1206 2569 ita
1249 2506 1426 2569 nullo
1470 2505 1658 2567 modo
1702 2506 1847 2568 ferri
1893 2525 2080 2588 posse
2125 2513 2624 2572 consentaneum
2669 2514 2766 2571 est
2859 2511 3071 2591 Atque
3103 2505 3405 2569 Reiskius
3436 2505 3715 2588 quidem,
3750 2510 3815 2567 ut
3845 2506 4053 2567 locum

692 2630 964 2708 sanaret,
1007 2628 1275 2690 mutavit
1318 2625 1670 2688 secundum
1716 2624 1788 2685 τέ
1831 2627 1895 2687 in
1942 2626 2273 2689 articulum
2324 2623 2420 2690 τὰ.
2509 2627 2686 2692 Haec
2734 2630 2992 2692 mutatio
3041 2628 3192 2690 mihi
3240 2626 3366 2687 iam
3412 2624 3650 2687 dudum
3698 2626 4056 2687 necessario

692 2745 833 2807 visa
876 2748 998 2824 est3
1046 2749 1108 2808 at
1149 2752 1363 2810 tamen
1410 2765 1533 2808 non
1583 2744 1847 2823 sufficit3
1896 2764 2042 2808 nam
2110 2747 2173 2807 in
2222 2746 2338 2809 hac
2404 2750 2712 2831 scriptura
2765 2751 2929 2811 inter
2974 2768 3042 2810 se
3087 2751 3494 2829 opponuntur
3538 2741 3730 2829 ἀρχαί,
3779 2765 3942 2828 quae
3990 2745 4052 2806 in

691 2867 930 2928 curiam
975 2868 1370 2929 conveniunt
1414 2871 1477 2929 et
1516 2867 1957 2929 thesaurorum
2004 2866 2321 2946 custodes,
2373 2864 2504 2928 ὅσοι
2547 2871 2696 2928 θεοῦ
2730 2857 3058 2953 χρημάτων
3090 2863 3444 2951 ἐφέστασαν,
3511 2867 3619 2947 qui
3665 2866 4053 2948 praesidium

691 2987 1015 3051 collocant.
1113 2987 1193 3048 At
1236 2984 1352 3048 hoc
1397 3005 1433 3047 a
1478 3005 1628 3048 vero
1673 2985 1857 3047 valde
1913 2984 2245 3050 abhorrere
2308 2987 2572 3049 videtur.
2663 2985 2821 3049 Nam
2892 2989 3037 3069 quis
3091 2986 3214 3049 sibi
3274 2985 3680 3068 persuadebit
3735 2990 3796 3046 et
3856 2984 4053 3066 magi-

689 3111 919 3171 stratus
988 3108 1050 3169 et
1094 3105 1530 3170 thesaurorum
1584 3106 1880 3169 custodes
1949 3106 2065 3168 hoc
2129 3106 2263 3169 loco
2310 3107 2596 3169 diversas
2639 3124 2939 3188 personas
3001 3105 3078 3168 ab
3125 3105 3430 3187 Euripide
3493 3106 3796 3188 cogitatos
3862 3104 4051 3166 esse?

689 3223 817 3287 Cur
860 3226 1031 3288 enim
1078 3226 1482 3309 magistratus
1524 3227 1591 3288 in
1638 3227 1879 3289 curiam
1924 3228 2267 3288 convenire
2315 3226 2465 3289 dicit
2505 3227 2731 3308 poeta?
2819 3226 3375 3308 Simplicissimum
3423 3228 3590 3287 certe
3637 3228 3753 3301 est,
3801 3224 3854 3285 si
3908 3221 4052 3284 illac

686 3342 865 3430 ἀρχαί
905 3345 1166 3409 eaedem
1211 3348 1382 3426 sunt,
1426 3365 1589 3428 quae
1635 3339 1885 3431 φρουρὰν
1927 3336 2234 3407 τάττουσι.
2328 3345 2468 3421 Qua
2516 3347 2593 3410 de
2641 3366 2831 3409 causa
2863 3347 3224 3409 coniectura
3257 3344 3572 3407 abstinere
3606 3364 3728 3408 non
3763 3361 4050 3425 possum,

690 3483 948 3529 versum
999 3464 1157 3528 1098
1203 3467 1497 3548 spurium
1538 3484 1682 3529 esse
1735 3470 1797 3528 et
1843 3464 2124 3528 additum
2186 3485 2330 3529 esse
2384 3466 2462 3529 ab
2520 3467 2752 3549 alique,
2799 3469 2912 3549 qui
2957 3463 3134 3552 ἀρχαί
3176 3466 3492 3548 explicare
3559 3465 3777 3526 voluit.
3865 3461 4050 3525 Hanc

688 3587 1116 3648 coniecturam
1161 3587 1426 3649 fortasse
1471 3605 1546 3649 eo
1592 3584 1966 3649 confirmare
2005 3586 2169 3667 licet,
2215 3587 2381 3669 quod
2428 3587 2530 3649 hic
2575 3586 2751 3648 locus
2801 3587 3030 3648 unic‘us
3063 3590 3370 3668 quantum
3404 3586 3701 3668 equidem
3744 3585 3897 3663 scio,
3933 3585 4048 3659 est,

687 3704 796 3767 ubi
852 3690 1134 3790 &pici-ngat.
1178 3707 1591 3769 coniunctum
1635 3707 1960 3769 invenitur
2002 3725 2146 3768 cum
2192 3709 2492 3789 genetivo
2546 3696 2922 3791 χρρημάτων.
3013 3705 3188 3766 Alias
3246 3703 3547 3789 ἐφίστημι,
3613 3706 3665 3766 si
3733 3701 4048 3785 significat

684 3843 1018 3907 „praeesse
1080 3824 1309 3888 alicui“
1367 3826 1526 3908 regit
1568 3829 1677 3888 aut
1722 3824 2025 3903 dativum,
2071 3831 2181 3888 aut
2222 3826 2752 3909 praepositionem
2800 3824 2894 3885 ἐπὶ
2944 3844 2993 3886 c.
3038 3825 3353 3905 genetivo.
3443 3823 3523 3886 Se
3571 3844 3650 3885 ne
3682 3825 3879 3885 eiecto
3929 3819 4046 3880 hoc

685 3962 879 4008 versu
925 3945 1184 4028 quidem
1230 3947 1443 4008 omnia
1488 3943 1765 4031 perbene
1810 3947 1992 4007 stant.
2092 3943 2250 4007 Nam
2309 3944 2489 4007 deest
2555 3944 2759 4007 adhuc
2834 3943 3079 4007 medela
3147 3943 3237 4005 illi
3306 3944 3507 4025 νίῒίο,ι
3549 3941 3716 4025 quod
3777 3936 4042 4000 verbum

685 4054 984 4143 ἐτάξαντ’,
1030 4084 1174 4128 cum
1216 4063 1741 4128 antecedentibus
1787 4066 2198 4129 coniunctum
2246 4064 2423 4128 nulle
2469 4064 2725 4127 vinculo
2768 4083 2911 4126 esso
2960 4082 3150 4145 supra
3195 4061 3499 4125 diximus.
3586 4059 3657 4122 ld
3701 4061 3913 4120 autom
3957 4058 4044 4118 fa·

683 4183 918 4247 cillime
963 4183 1295 4266 efficimus,
1342 4185 1395 4245 si
1441 4201 1553 4265 pro
1599 4174 1871 4255 ἐτάξαντ’
1926 4183 2264 4246 scribimus
2311 4178 2563 4270 φρουρὰν
2602 4173 2872 4256 ἔταξαν
2907 4179 2985 4242 τ’.
3073 4181 3280 4245 Locus
3313 4186 3525 4244 noster
3555 4185 3687 4242 tum
3719 4181 3811 4241 sic
3838 4177 4040 4241 audit:

1523 4298 1702 4387 ἀρχαί
1743 4300 1793 4363 τ’
1848 4293 2182 4387 ἐπλήρουνί)
2238 4309 2318 4376 εἰς
2359 4298 2450 4364 τὰ
2494 4293 2882 4388 βουλευτήρια

1526 4416 1776 4508 φρουρὰν
1815 4413 2035 4495 ἔταξαν
2077 4421 2127 4484 τ’
2182 4423 2243 4483 ἐν
2285 4414 2657 4509 περιστύλοις
2702 4413 2957 4508 δρόμοις.

686 4541 929 4605 Sensus
972 4546 1108 4605 tum
1156 4540 1257 4603 hic
1300 4544 1426 4603 est:
1481 4539 1884 4623 Neoptolemi
1941 4543 2220 4608 adventu
2284 4545 2599 4607 tumultus
2666 4547 2965 4607 exoritur.
3080 4541 3282 4617 Quam
3330 4540 3410 4605 ob
3457 4560 3590 4605 rem
3637 4542 4039 4624 magistratus

680 4660 1074 4744 Delphorum
1120 4661 1187 4722 in
1231 4662 1472 4723 curiam
1517 4666 1912 4727 conveniunt
1950 4669 2012 4727 et
2054 4663 2445 4747 praesidium
2492 4664 2818 4727 collocant.

1015 4779 1140 4844 Sed
1183 4780 1339 4843 haec
1381 4781 1716 4862 hactenu83
1763 4803 1965 4867 pauca
2008 4783 2317 4847 addamus
2363 4784 2654 4866 exempla
2697 4784 3126 4848 collocationis
3179 4780 3489 4845 liberioris
3535 4781 3876 4864 particulae
3922 4780 4037 4841 καὶ.

682 4901 755 4964 In
799 4899 1079 4965 Hercule
1120 4899 1333 4979 Lycus
1398 4901 1571 4983 ligno
1618 4903 1843 4966 collato
1891 4905 2441 4987 Amphitryonem,
2495 4902 2811 4987 Megaram
2869 4906 3140 4987 eiusque
3205 4900 3440 4965 liberos
3504 4900 3787 4964 comburi
3845 4899 4038 4962 iubet.

680 5021 775 5086 lbi
820 5023 1096 5104 legimus
1137 5022 1253 5083 hos
1300 5042 1526 5085 versus
1574 5043 1628 5083 v.
1680 5024 1823 5084 2-13.
1870 5026 1970 5084 44.
