4609 5692
1969 476 2468 546 ...19-

1367 678 1600 761 ἐδειξας
1641 693 1723 763 εἰς
1764 692 2019 774 ἔλεγχον
2056 679 2351 762 ἐξελθώὓ,
2398 683 2464 762 ὃς
2511 684 2564 751 εἷ
3010 689 3134 752 640

1365 807 1465 868 καὶ
1494 804 1548 891 μ’
1604 804 1673 868 οὐ
1717 798 1936 892 νομίζω
1979 801 2168 869 παῖδα
2214 801 2317 868 σὸν
2358 805 2682 893 πεφυκέναι

1361 917 1400 995 ἦ
1444 917 1600 1011 τᾶρα
1642 916 1887 987 πάντων
1930 917 2271 1011 διαπρέπεις
2316 923 2544 1011 ἀψυχίᾳ

1363 1038 1428 1116 ὃς
1467 1034 1784 1113 τηλικόσδ’
1836 1038 1921 1105 ὧν
1963 1040 2111 1106 κάπὶ
2155 1041 2315 1131 τέρμ’
2372 1042 2539 1115 ἥκων
2581 1044 2709 1126 βίου
2753 1044 2890 1103 κτλ.

519 1158 608 1223 Ηί
656 1179 882 1224 versus
934 1163 1056 1226 iam
1105 1163 1215 1228 diu
1258 1164 1510 1228 criticos
1553 1163 1975 1247 offenderunt,
2021 1183 2233 1250 neque
2276 1165 2540 1244 iniuria3
2588 1182 2760 1244 nam,
2805 1162 2862 1225 si
2906 1162 3119 1224 omnia
3142 1161 3428 1245 genuina
3472 1165 3710 1244 essent,
3753 1162 3885 1226 Ad-

522 1281 729 1343 metus
773 1279 1033 1343 diceret:
1101 1284 1172 1344 tu
1215 1282 1409 1365 igitur
1454 1301 1580 1345 non
1626 1286 1805 1365 pater
1859 1302 2044 1347 meus
2088 1303 2228 1348 eras
2274 1302 2486 1367 neque
2527 1286 2755 1365 mater,
2820 1300 2983 1366 quae
3030 1284 3320 1362 vocatur,
3363 1299 3466 1344 me
3505 1282 3730 1365 genuit
3773 1280 3884 1345 scd

523 1417 607 1461 cx
650 1417 835 1462 serva
876 1401 1135 1482 genitus
1180 1401 1366 1464 uxori
1411 1405 1559 1465 tuae
1604 1404 1976 1485 suppositus
2022 1422 2186 1467 sum.
2297 1404 2385 1467 At
2429 1402 2607 1467 nullo
2653 1401 2870 1484 modo,
2930 1404 3002 1464 ut
3045 1399 3108 1465 N
3113 1399 3382 1464 auckius
3418 1400 3656 1485 aliique
3701 1400 3885 1464 intel-

519 1519 846 1601 lexerunt,
887 1518 1026 1582 fieri
1070 1514 1335 1602 potcst,‘
1353 1524 1421 1583 ut
1462 1521 1809 1604 AdmetuS,
1866 1541 2014 1586 cum
2060 1524 2125 1586 in
2167 1527 2410 1607 patrem
2453 1522 2677 1587 invehi
2720 1522 2909 1605 eique
2950 1521 3322 1604 turpissima
3360 1518 3694 1605 opprobrio
3734 1521 3883 1585 dare

520 1638 685 1720 vult,
751 1638 920 1702 dicat
984 1656 1053 1701 se
1115 1638 1323 1721 ipsum
1390 1658 1520 1703 non
1580 1640 1785 1703 filium
1851 1642 2211 1723 genuinum
2255 1643 2398 1705 eius
2462 1660 2637 1724 esse,
2699 1641 2812 1705 sed
2858 1640 3142 1704 nothum.
3230 1638 3457 1722 Itaque
3499 1638 3706 1704 facere
3749 1659 3879 1705 non

516 1776 817 1840 possum,
859 1759 1013 1842 quin
1061 1759 1157 1822 eis
1200 1757 1557 1841 adsentiar,
1623 1762 1731 1843 qui
1801 1760 1973 1824 hunc
2017 1759 2227 1822 locum
2274 1778 2403 1822 non
2449 1763 2618 1823 recte
2662 1759 2959 1823 traditum
3004 1776 3149 1822 esse
3195 1759 3557 1840 opinentur.
3665 1757 3882 1840 Atque

519 1876 884 1941 Badhamus
911 1879 987 1959 ¹),
1050 1897 1242 1962 quem
1284 1876 1583 1943 Prinzius
1630 1880 1696 1943 in
1743 1879 2020 1944 editione
2065 1898 2184 1943 sua
2217 1881 2540 1963 sequitur,
2594 1878 2764 1944 delet
2804 1877 2927 1940 636
2958 1875 3194 1959 -641,
3259 1876 3535 1942 Schenkl
3561 1874 3608 1955 ¹)
3651 1894 3881 1940 versus

518 1997 869 2059 637-642.
954 1995 1285 2061 Nauckius
1311 1999 1360 2081 ³)
1406 1998 1558 2062 huic
1601 2000 1739 2063 loco
1785 1998 2021 2064 mederi
2067 2005 2334 2063 conatur
2374 2018 2481 2081 eo,
2550 1998 2719 2083 quod
2758 2015 2985 2062 versus
3032 1996 3156 2061 638
3200 2000 3262 2061 et
3307 1996 3430 2059 639
3474 1999 3722 2059 tantum
3767 2015 3881 2060 ex-

517 2115 842 2201 pellendos
910 2116 1147 2180 iudicat
1210 2118 1495 2203 reliquos
1557 2139 1785 2184 versus
1853 2120 2218 2184 defendens.
2311 2119 2436 2185 Sed
2499 2120 2624 2183 alia
2689 2119 2794 2181 via
2857 2118 3030 2181 hunc
3072 2116 3284 2180 locum
3327 2116 3688 2181 sanandum
3733 2136 3880 2182 6336

516 2254 896 2318 persuasum
953 2235 1170 2301 habeo.
1281 2238 1446 2302 Nam
1495 2259 1731 2322 unum,
1798 2244 2106 2324 quantum
2170 2240 2391 2315 video,
2451 2238 2530 2304 ab
2576 2238 2876 2303 omnibus
2925 2238 3081 2301 viris
3126 2236 3327 2301 doctis
3373 2236 3736 2322 neglectum
3782 2241 3880 2301 est

514 2357 710 2440 idque
752 2356 1206 2440 gravissimum
1251 2362 1366 2421 est.
1457 2359 1771 2424 Admetus
1815 2361 1988 2423 enim
2034 2380 2095 2421 v.
2141 2358 2256 2422 641
2298 2396 2318 2404 ·
2354 2359 2477 2422 643
2521 2360 2684 2442 patri
2730 2376 3049 2441 summam
3092 2357 3415 2440 ignaviam
3460 2355 3688 2440 obicit,
3722 2357 3875 2442 quia

517 2482 780 2540 mortem
826 2496 940 2559 pro
985 2494 1054 2540 se
1100 2476 1275 2541 obire
1320 2477 1608 2541 noluerit.
1699 2480 1897 2562 Atqui
1943 2480 2353 2543 notissimum
2407 2482 2505 2542 est
2554 2478 2673 2543 hoc
2718 2478 3014 2563 ignaviae
3059 2477 3290 2541 vitium
3333 2474 3535 2540 libero
3579 2477 3875 2560 inprimis

515 2597 651 2659 viro
720 2596 959 2660 Graeco
1019 2597 1540 2681 indignissimum
1616 2616 1760 2661 6336
1824 2597 2252 2682 omnibusque
2317 2596 2711 2681 temporibus
2755 2618 2793 2661 a
2837 2596 3095 2662 Graecis
3140 2596 3435 2661 homines
3492 2596 3764 2679 ignavos
3805 2595 3877 2658 in

515 2735 855 2780 numerum
901 2715 1242 2780 liberorum
1279 2719 1559 2781 virorum
1604 2700 1731 2780 non
1777 2718 2006 2783 relatos
2051 2737 2213 2781 6336.
2276 2714 2489 2792 Quid?
2534 2717 2881 2783 Admetum
2925 2719 3019 2781 ira
3047 2718 3242 2801 patris
3273 2719 3682 2797 commotum,
3727 2734 3875 2779 cum

513 2842 754 2919 patrem
799 2835 1178 2920 obiurgaret,
1233 2835 1338 2901 vel
1383 2854 1459 2899 eo
1504 2854 1911 2921 progressum
1956 2855 2122 2919 esse,
2168 2840 2237 2900 ut
2279 2842 2520 2921 patrem
2566 2855 2694 2902 non
2740 2836 3013 2902 liberum
3061 2837 3173 2902 sed
3205 2856 3464 2901 servum
3508 2834 3875 2900 habendum

509 2974 654 3020 6336
687 2957 945 3038 diceret,
988 2975 1203 3019 nonne
1235 2975 1487 3020 summa
1517 2975 1664 3020 cum
1695 2955 2138 3039 probabilitate
2172 2959 2463 3021 conicere
2494 2956 2691 3021 licet?
2757 2954 2945 3039 Hanc
2974 2962 3187 3022 autem
3232 2958 3664 3021 coniecturam
3705 2958 3875 3020 certo

509 3076 893 3141 documento
943 3074 1223 3139 stabilire
1276 3076 1440 3140 licet.
1492 3074 1769 3140 'Pheres
1826 3077 1998 3141 enim
2040 3081 2219 3160 pater
2265 3096 2321 3139 v.
2368 3077 2491 3140 675
2517 3077 2680 3140 -79
2739 3094 2810 3140 36
2854 3081 3075 3143 contra
3118 3076 3453 3162 opprobria
3496 3075 3614 3141 filii
3658 3074 3876 3140 defen-

510 3196 661 3261 dero
705 3198 930 3280 incipit
973 3195 1074 3258 his
1120 3195 1371 3260 verbis:

1353 3306 1403 3375 ὦ
1448 3323 1570 3391 παῖ,
1614 3310 1716 3375 τίν’
1771 3313 1992 3400 αὐχεῖς,
2036 3306 2261 3402 πότερα
2304 3306 2505 3379 Λυδὸν
2538 3310 2577 3385 ἢ
2621 3305 2833 3401 Φρύγα
3122 3316 3246 3380 675

1353 3443 1559 3509 κακοῖς
1603 3436 1686 3515 (P)
1731 3425 1994 3496 ἐλαύνειν
2037 3425 2450 3520 ἀργυρώνητον
2494 3432 2699 3513 σέθεν;

1353 3550 1463 3614 οὐκ
1507 3549 1689 3615 οἶσθα
1734 3544 2048 3617 Θεσσαλόν
2092 3575 2166 3639 με
2212 3547 2372 3616 κάπὸ
2418 3553 2736 3617 Θεσσαλοῦ

1351 3666 1575 3758 πατρὸς
1615 3678 1865 3758 γεγῶτα
1906 3674 2159 3758 γνησίως
2202 3664 2545 3761 ἐλεύθερονς

506 3787 606 3852 Ι)6
651 3807 851 3853 sensu
898 3790 1118 3853 horum
1160 3810 1461 3856 versuum
1509 3791 1783 3856 dubitari
1830 3796 2066 3879 nequit.
2156 3792 2353 3857 Dicit:
2433 3793 2661 3877 Quem,
2705 3796 2791 3858 mi
2836 3793 2949 3876 fili,
2999 3796 3061 3856 te
3102 3810 3292 3876 posse
3321 3791 3647 3874 expellere
3689 3793 3876 3873 putas

506 3905 781 3987 Lydium
826 3928 907 3971 an
951 3907 1302 3995 Phrygium
1348 3930 1608 3975 servum
1655 3917 1915 3995 argento
1961 3934 1998 3979 a
2042 3922 2103 3978 tc
2146 3914 2474 3998 emptum?
2529 3914 2755 3979 Nescis
2801 3933 2904 3979 me
2933 3911 3313 3977 Thessalum
3359 3914 3536 3995 patre
3567 3907 3875 3974 Thessalo

511 4031 731 4090 natum
774 4031 1130 4112 genuinum
1199 4030 1601 4115 liberumque
1644 4035 1853 4096 virum
1900 4036 2089 4097 esse?
2184 4032 2259 4096 In
2317 4054 2377 4096 V.
2420 4033 2545 4096 676
2589 4054 2700 4117 pro
2746 4035 3041 4115 corrupto
3105 4040 3310 4104 κακοῖς
3372 4031 3874 4115 exspectaverim

507 4136 730 4230 δόμων.
820 4148 941 4212 Sed
990 4149 1302 4234 quidquid
1347 4151 1457 4215 illo
1502 4152 1640 4216 loco
1684 4152 1826 4235 fuit,
1873 4152 1934 4215 id
1983 4172 2184 4217 unum
2230 4156 2659 4218 certissimum
2704 4156 2822 4235 est,
2884 4150 3222 4216 Pheretem
3282 4150 3382 4214 his
3423 4148 3639 4214 verbis
3683 4150 3877 4214 vehe-

511 4268 906 4330 mentissime
953 4288 1215 4352 negare,
1279 4289 1350 4333 so
1396 4290 1655 4335 servum
1713 4278 1776 4336 et
1822 4291 1950 4334 non
2017 4271 2289 4336 liberum
2361 4276 2572 4338 virum
2618 4292 2782 4336 6336.
2891 4270 3177 4335 Profecto
3225 4274 3441 4334 autem
3497 4273 3683 4354 poeta
3725 4289 3876 4334 eum

509 4383 627 4447 hoc
671 4386 987 4451 dicentem
1034 4407 1163 4450 non
1209 4390 1604 4473 induxisset,
1674 4392 1798 4454 nisi
1840 4390 2013 4456 filius
2057 4393 2125 4455 in
2174 4394 2460 4456 oratione
2503 4392 2918 4457 antecedente
2963 4392 3024 4455 ei
3074 4390 3200 4454 talc
3246 4386 3652 4474 opprobrium
3700 4387 3875 4453 obie-

508 4506 715 4567 cisset.
799 4505 1034 4571 Nullus
1080 4513 1293 4572 autem
1339 4510 1518 4575 locus
1562 4512 1626 4573 in
1678 4515 1804 4575 tota
1850 4513 2134 4575 oratione
2179 4511 2327 4595 filii,
2372 4513 2579 4597 qualis
2628 4511 2812 4577 hodic
2871 4516 3112 4593 exstat,
3154 4514 3287 4591 est,
3359 4509 3437 4573 ad
3483 4528 3675 4592 quem
3721 4509 3876 4573 haec

508 4621 705 4688 verba
748 4628 1027 4690 revocari
1074 4629 1340 4711 possint.
1430 4628 1635 4706 Quam
1693 4630 1773 4695 ob
1816 4650 1951 4695 rem
1999 4650 2380 4714 persuasum
2430 4631 2632 4697 habeo
2679 4634 2746 4696 in
2785 4632 2914 4696 illis
2959 4628 3253 4697 versibus
3299 4627 3674 4711 636-641,
3712 4648 3874 4712 quos

843 4950 896 5014 1)
935 4950 1244 5006 Badhamus
1280 4969 1362 5022 ep.
1399 4951 1541 5006 Plat.
1580 4952 1780 5021 Buthy.
1820 4954 1983 5023 praef.
2022 4969 2072 5021 p.
2108 4951 2258 5006 XIV.

841 5036 897 5103 2)
937 5036 1168 5090 Schenkl
1202 5038 1519 5092 zeitschrift
1555 5039 1638 5092 fur
1674 5038 1980 5093 osterreich.
2018 5038 2348 5107 Gymnasien
2393 5038 2547 5092 1868.
2583 5055 2635 5109 p.
2674 5040 2798 5095 34⁴3.

839 5122 895 5191 3)
932 5121 1137 5177 Nauck.
1176 5122 1359 5193 Eurip.
1402 5124 1555 5180 Stud.
1592 5125 1651 5179 11
1688 5142 1738 5195 p.
1772 5127 1845 5178 66
1886 5128 1943 5179 ot
1977 5124 2060 5178 67.
