4609 5692
2203 426 2700 495 ...14-

795 636 857 695 et
900 634 1093 696 alium
1140 635 1347 698 locum
1392 632 1618 698 Helen.
1665 636 1823 716 445,
1868 655 2056 719 quem
2120 637 2259 700 sine
2314 636 2441 701 ulla
2483 656 2675 701 causa
2729 639 2799 700 ut
2840 638 3212 717 suspectum
3260 635 3534 716 notavit,
3601 637 3812 698 nostro
3856 633 3993 697 1000
4034 632 4120 696 si-

793 751 1151 836 millimum,

1628 870 1693 938 οἷ·
1741 870 1821 961 μὴ
1865 876 2155 962 προσείλει
2196 886 2382 962 χεῖρα,
2428 868 2567 961 μηδ’
2621 870 2772 938 ὤθει
2810 877 2929 958 βία..

791 1026 912 1092 Sed
981 1032 1225 1094 etiamsi
1292 1032 1641 1095 interiectio
1707 1051 1834 1095 non
1881 1051 2032 1095 vera
2097 1035 2296 1113 esset,
2361 1051 2486 1094 non
2545 1031 2903 1113 eicienduS,
2970 1031 3084 1095 sed
3137 1031 3574 1097 emendandus
3640 1034 3808 1095 osset
3869 1049 4121 1118 versus3

793 1168 938 1212 nam
985 1150 1102 1214 hoe
1148 1171 1335 1215 versu
1382 1171 1592 1215 carere
1641 1172 1768 1216 non
1816 1171 2188 1235 possumus;
2230 1154 2559 1234 aptissimo
2604 1154 2773 1215 enim
2820 1152 3161 1235 respondet
3207 1173 3261 1213 v.
3312 1125 3432 1214 526
3478 1152 3692 1215 versui
3740 1153 3880 1213 525.
3945 1147 4123 1212 Post·

792 1289 979 1352 quam
1031 1243 1203 1335 enim
1245 1273 1366 1334 523
1395 1270 1709 1336 Hercules
1751 1272 2073 1356 professus
2116 1279 2233 1340 est.
2305 1292 2375 1335 se
2419 1274 2579 1336 seire
2626 1272 3010 1336 Alcestidem
3055 1292 3164 1357 pro
3211 1275 3432 1336 marito
3477 1275 3635 1336 mori
3679 1272 4015 1335 devovisse
4061 1273 4124 1332 et

788 1410 846 1451 ν.
899 1391 1021 1453 524
1065 1391 1376 1456 Admetus
1423 1396 1740 1476 quaesivit
1784 1413 1909 1477 quo
1954 1393 2139 1456 modo
2181 1412 2351 1473 eam,
2396 1412 2542 1457 eum
2587 1393 2704 1456 hoe
2747 1393 3101 1476 devoverit,
3157 1395 3481 1457 viventem
3529 1394 3856 1456 nominare
3899 1390 4122 1473 possit,

786 1510 921 1573 fieri
967 1529 1096 1574 nou
1141 1515 1402 1596 poterat,
1442 1516 1594 1598 quin
1643 1515 1719 1595 is,
1765 1514 1873 1598 qui
1920 1512 2362 1595 respondebat,
2416 1515 2637 1577 uxoris
2683 1515 3071 1579 mentionem
3116 1514 3361 1577 faceret.
3451 1511 3673 1597 Itaque
3717 1514 4118 1596 aptissimum

785 1634 900 1712 est,
943 1632 998 1693 si
1040 1630 1351 1697 Hercules
1394 1634 1738 1698 Admetum
1806 1633 1979 1696 illam
2044 1653 2169 1697 non
2233 1635 2410 1716 prius
2474 1633 2797 1716 deplorare
2852 1633 3027 1698 iubet
3077 1653 3265 1716 quam
3337 1637 3581 1697 mortua
3624 1635 3721 1696 sit.
3835 1628 4118 1693 Proximi

784 1767 1009 1814 versus
1048 1750 1169 1814 527
1211 1757 1273 1815 et
1318 1755 1440 1816 528
1484 1751 1658 1816 mihi'
1705 1755 1980 1837 suspecti
2023 1753 2354 1832 videntur3
2419 1759 2713 1837 repetunt
2776 1757 2948 1818 enim
2991 1755 3203 1817 inutili
3252 1758 3314 1817 et
3361 1754 3622 1817 molesto
3667 1753 3879 1830 modo,
3949 1751 4119 1836 quod

784 1872 852 1934 in
898 1870 1192 1936 versibus
1236 1873 1754 1939 antecedentibus
1800 1894 1857 1935 v.
1907 1875 2027 1937 525
2074 1879 2135 1937 et
2166 1875 2286 1937 526
2331 1875 2458 1938 iam
2502 1876 2731 1939 elarius
2763 1879 2825 1938 et
2855 1877 3082 1939 melius
3113 1874 3346 1938 dictum
3382 1879 3494 1939 est.
3582 1876 3852 1940 Eoontra
3882 1895 3942 1937 v.
3979 1873 4118 1939 529.

1702 2023 1771 2091 σὺ
1817 2020 1966 2109 τῇδε
2010 2029 2229 2115 κρίνεις,
2269 2020 2608 2115 Ἡράκλεις,
2650 2030 2805 2113 κείνῃ
2849 2022 2903 2091 δ’
2961 2020 3102 2115 ἐγώ.

781 2185 924 2264 apte
968 2183 1308 2265 respondet
1353 2183 1787 2262 adhortationi,
1835 2204 2023 2268 quam
2063 2182 2376 2249 Hercules
2429 2205 2483 2246 v.
2533 2186 2652 2247 526
2697 2186 2968 2270 protulit.
3059 2184 3393 2251 Profitetur
3436 2187 3609 2250 enim
3662 2184 3994 2262 Admetus»,
4040 2201 4109 2246 se

782 2302 895 2365 bae
942 2303 1006 2364 in
1051 2323 1120 2366 re
1164 2301 1243 2366 ab
1288 2303 1531 2386 hospite
1575 2303 1928 2368 dissentire.

1108 2420 1180 2484 In
1229 2421 1513 2505 dialogo,
1580 2426 1689 2507 qui
1754 2428 2043 2509 sequitur
2105 2426 2488 2510 praeclaram
2552 2426 2726 2489 illam
2795 2427 2957 2488 inter
3000 2425 3343 2488 Admetum
3389 2428 3451 2487 et
3494 2427 3731 2507 patrem
3776 2421 4110 2486 Pheretem

772 2560 1068 2605 scaenam
1115 2540 1489 2606 Wheelerus
1555 2543 1715 2607 duos
1784 2563 2007 2609 versus
2075 2547 2195 2610 719
2241 2548 2303 2610 et
2346 2547 2482 2609 720.
2530 2544 2833 2609 delendos
2879 2548 3085 2626 putat,
3154 2546 3307 2628 quia
3370 2563 3598 2608 versus
3672 2544 3792 2608 718
3859 2547 3923 2607 et
3991 2542 4104 2604 721

774 2660 1054 2745 disiungi
1103 2681 1226 2725 non
1273 2666 1566 2746 possent,
1633 2666 1757 2727 nisi
1805 2668 1978 2729 omni
2025 2686 2200 2730 nexu
2248 2665 2512 2730 verbum
2557 2656 2779 2738 ὄνειδος
2822 2685 2881 2726 ν.
2931 2664 3045 2726 721
3099 2665 3336 2747 privari
3380 2665 3712 2729 vellemus.
3828 2662 4008 2740 Quod
4055 2663 4113 2726 si

774 2800 996 2844 verum
1037 2784 1237 2864 esset',
1280 2781 1590 2847 Admetus
1635 2805 1689 2846 v.
1742 2784 1880 2848 721.
1928 2788 2085 2869 patri
2128 2786 2295 2850 idem
2343 2785 2674 2869 opprobrio
2720 2783 2922 2866 daret,
2983 2784 3152 2868 quod
3196 2786 3323 2848 iam
3367 2805 3428 2847 v.
3478 2785 3594 2847 717
3642 2784 3828 2849 dedit.
3914 2781 4107 2848 Porro

779 2901 1013 2984 optimo
1059 2902 1197 2965 iure
1244 2900 1507 2966 verbum
1553 2895 1775 2978 ὄνειδος
1818 2926 1876 2968 v.
1926 2906 2041 2968 721
2091 2906 2169 2970 ad
2216 2927 2274 2968 ν.
2305 2906 2424 2969 720
2469 2904 2699 2969 referre
2744 2924 3108 2988 possumus.
3176 2907 3280 2968 An
3322 2906 3739 2988 ignominiam
3789 2924 3912 2967 non
3962 2923 4105 2967 esse

770 3019 1137 3104 putabimus
1183 3021 1245 3084 id
1292 3021 1458 3105 quod
1506 3020 1742 3088 Pheres
1794 3023 1924 3090 filio
1971 3025 2221 3108 suadet,
2285 3031 2359 3089 ut
2402 3025 2630 3089 multas
2675 3025 2942 3088 feminas
2990 3044 3224 3088 uxeres
3268 3026 3482 3108 dueat,
3546 3028 3616 3089 ut
3657 3026 3845 3088 etiam
3889 3024 4104 3107 plures

771 3160 884 3223 pro
928 3161 1003 3205 eo
1046 3143 1435 3207 moriantur?
1508 3143 1701 3207 Miror
1744 3144 1912 3228 quod
1954 3164 2035 3208 ne
2081 3165 2207 3209 uno
2255 3145 2511 3229 quidem
2559 3143 2751 3208 verbo
2809 3144 3082 3208 Nauekii
3129 3146 3506 3210 sententiam
3563 3145 3766 3228 attigit
3813 3143 4103 3208 Wheele·

768 3279 899 3342 rus,
947 3263 1056 3345 qui
1103 3267 1354 3347 propter
1398 3263 1660 3327 verbum
1704 3262 1816 3350 ἀρᾷ.
1862 3286 1919 3326 v.
1971 3267 2090 3330 714
2137 3287 2212 3330 eo
2256 3267 2414 3348 1000,
2463 3264 2572 3330 ubi
2614 3286 2784 3330 nune
2829 3269 3056 3347 exstat,
3099 3267 3382 3349 ineptum
3431 3285 3656 3329 versus
3704 3266 3824 3327 714
3869 3270 3932 3327 et
3977 3264 4097 3325 715

774 3385 917 3465 post
988 3382 1107 3446 719
1171 3385 1674 3468 transponendos
1747 3405 1891 3450 esse
1958 3389 2263 3471 proponit.
2383 3386 2599 3450 Huius
2672 3388 3311 3470 argumentationem,
3378 3406 3568 3471 quam
3634 3386 3836 3450 adhuc
3894 3404 4106 3467 neme,

768 3504 1076 3586 quantum
1125 3504 1257 3566 scio
1301 3503 1555 3586 refellit,
1618 3509 1785 3569 certe
1831 3504 2204 3571 Wheelerus
2250 3506 2519 3571 refutare
2558 3506 2845 3587 debebat,
2911 3509 2965 3570 si
3015 3527 3194 3570 suam
3243 3508 3669 3570 coniecturam
3714 3505 4102 3590 probabilem

765 3622 1025 3687 reddere
1067 3622 1334 3688 volebat.

1094 3740 1335 3827 Restat,
1382 3748 1448 3808 ut
1490 3744 1567 3809 de
1612 3744 1861 3809 duobus
1906 3746 2062 3809 locis
2106 3746 2449 3810 Alcestidis
2505 3767 2542 3810 a
2571 3745 2905 3810 Whoelero
2948 3747 3153 3829 primo
3197 3747 3413 3809 eiectis
3456 3743 3650 3810 verba
3695 3744 3935 3808 faciam.
4025 3740 4100 3804 In

764 3865 1049 3926 extrema
1113 3881 1371 3945 scaena,
1443 3866 1507 3927 in
1575 3885 1698 3948 qua
1746 3864 2057 3930 Hercules
2124 3866 2509 3929 Alcestidem
2557 3867 2825 3930 velatam
2891 3867 3138 3929 reducit
3203 3872 3264 3929 et
3328 3863 3405 3929 ab
3445 3864 3716 3928 Admeto
3778 3862 3966 3946 petit,
4034 3865 4103 3924 ut

764 3981 1065 4045 feminam
1111 3983 1177 4045 in
1225 4002 1405 4047 suam
1453 3983 1712 4048 domum
1758 3987 2038 4068 recipiat,
2084 3987 2395 4050 Admetus
2433 3987 2717 4071 longiore
2764 3989 3043 4051 oratione
3088 4006 3158 4051 se
3203 3987 3320 4050 hoe
3366 3985 3671 4049 facturum
3714 4001 3858 4046 esse
3892 3987 4096 4067 negat.

765 4101 840 4165 In
887 4101 1003 4165 hae
1051 4104 1329 4167 oratione
1372 4108 1628 4168 exstant
1670 4105 1734 4168 hi
1780 4124 2006 4169 versus
2054 4107 2489 4172 1057-1067.

1514 4232 1728 4302 διπλῆν
1773 4244 2073 4328 φοβοῦμαι
2115 4240 2351 4328 μέμψιν,
2398 4243 2466 4304 ἐκ
2513 4265 2583 4305 τε
2629 4235 2930 4328 δημοτῶν,

1516 4351 1598 4445 μή
1642 4384 1732 4434 τις
1773 4358 1827 4447 μ’
1876 4360 2099 4446 ἐλέγχῃ
2142 4357 2253 4431 τὴν
2296 4356 2444 4448 ἐμὴν
2485 4360 2788 4449 εὐεργέτιν

1516 4472 1785 4566 προδόντ’
1838 4482 1898 4543 έν
1943 4476 2148 4557 ἄλλοις
2189 4474 2442 4568 δεμνίοις
2475 4483 2692 4547 πίτνειν
2732 4483 2864 4558 νέας

1514 4602 1614 4663 καὶ
1659 4605 1770 4675 τῆς
1816 4593 2317 4676 &avonis-nei&
2356 4595 2427 4664 δέ
2467 4626 2569 4689 μοι
2612 4602 2824 4684 σέβειν,
3275 4605 3433 4669 1060

1510 4715 1741 4815 πολλῦν
1782 4711 2052 4808 πρόνοιαν
2094 4714 2189 4785 δεῖ
2228 4720 2283 4807 μ’
2337 4726 2509 4808 ἔχειν.
2553 4718 2621 4785 σὺ
2665 4715 2750 4801 δ’,
2797 4717 2847 4786 ὦ
2892 4715 3078 4812 γύναι,

1510 4837 1641 4913 ἥτις
1682 4839 1810 4903 ποτ’
1863 4839 1915 4905 εἶ
1958 4833 2044 4921 σύ,
2092 4835 2259 4905 ταῦτ’
2315 4840 2506 4929 ἔχουσ’
2552 4835 2897 4913 Ἀλκήστιδι

1513 4965 1739 5047 μορφῆς
1783 4960 1940 5048 μέτρ’
1990 4965 2119 5024 ἴσθι
2160 4965 2261 5025 καὶ
2303 4954 2611 5049 προσ-ηίξαι
2653 4957 2838 5050 δέμας

1514 5083 1687 5166 οἴμοι.
1734 5073 1939 5167 κόμιζε
1984 5077 2123 5169 πρὸς
2170 5088 2333 5146 θεῶν
2372 5075 2437 5158 ἐξ
2481 5075 2773 5170 ὀμμάτων
