<?xml version="1.0" encoding="UTF-8"?>
<!DOCTYPE html PUBLIC "-//W3C//DTD XHTML 1.0 Transitional//EN"
    "http://www.w3.org/TR/xhtml1/DTD/xhtml1-transitional.dtd">
<html xmlns="http://www.w3.org/1999/xhtml" xml:lang="en" lang="en">
 <head>
  <title>
</title>
<meta http-equiv="Content-Type" content="text/html;charset=utf-8" />
  <meta name='ocr-system' content='tesseract 3.04.00' />
  <meta name='ocr-capabilities' content='ocr_page ocr_carea ocr_par ocr_line ocrx_word'/>
</head>
<body>
  <div class='ocr_page' id='page_1' title='image "./analectaeuripid00rassgoog_0031.png"; bbox 0 0 4609 5692; ppageno 0'>
   <div class='ocr_carea' id='block_1_1' title="bbox 1937 437 2444 508">
    <p class='ocr_par' dir='ltr' id='par_1_1' title="bbox 1937 437 2444 508">
     <span class='ocr_line' id='line_1_1' title="bbox 1937 437 2444 508; baseline 0.004 -23"><span class='ocrx_word' id='word_1_1' title='bbox 1937 437 2444 508; x_wconf 68' lang='grc'>..27-</span> 
     </span>
    </p>
   </div>
   <div class='ocr_carea' id='block_1_2' title="bbox 470 638 3848 5200">
    <p class='ocr_par' dir='ltr' id='par_1_2' title="bbox 1335 638 2553 736">
     <span class='ocr_line' id='line_1_2' title="bbox 1335 638 2553 736; baseline 0.003 -28"><span class='ocrx_word' id='word_1_2' title='bbox 1335 642 1540 733; x_wconf 83' lang='grc' dir='ltr'>βωμὸν</span> <span class='ocrx_word' id='word_1_3' title='bbox 1581 638 1745 734; x_wconf 82' lang='grc' dir='ltr'>πέριξ</span> <span class='ocrx_word' id='word_1_4' title='bbox 1787 639 2070 723; x_wconf 77' lang='grc' dir='ltr'>νήσαντες</span> <span class='ocrx_word' id='word_1_5' title='bbox 2109 638 2352 736; x_wconf 75' lang='grc' dir='ltr'>ἀμφήρη</span> <span class='ocrx_word' id='word_1_6' title='bbox 2401 641 2553 723; x_wconf 78' lang='grc' dir='ltr'>ξύλα</span> 
     </span>
    </p>

    <p class='ocr_par' dir='ltr' id='par_1_3' title="bbox 1334 761 2659 857">
     <span class='ocr_line' id='line_1_3' title="bbox 1334 761 2659 857; baseline 0.002 -26"><span class='ocrx_word' id='word_1_7' title='bbox 1334 765 1643 855; x_wconf 80' lang='grc' dir='ltr'>ἐμπίπρατ’</span> <span class='ocrx_word' id='word_1_8' title='bbox 1657 817 1672 847; x_wconf 87' lang='lat'>,</span> <span class='ocrx_word' id='word_1_9' title='bbox 1716 765 1918 831; x_wconf 76' lang='grc' dir='ltr'>αὐτῶν</span> <span class='ocrx_word' id='word_1_10' title='bbox 1959 769 2059 830; x_wconf 79' lang='grc' dir='ltr'>καὶ</span> <span class='ocrx_word' id='word_1_11' title='bbox 2100 773 2355 855; x_wconf 81' lang='grc' dir='ltr'>πυροῦτε</span> <span class='ocrx_word' id='word_1_12' title='bbox 2400 761 2659 857; x_wconf 76' lang='grc' dir='ltr'>σώματα</span> 
     </span>
    </p>

    <p class='ocr_par' dir='ltr' id='par_1_4' title="bbox 470 881 3848 1819">
     <span class='ocr_line' id='line_1_4' title="bbox 1331 881 1751 956; baseline -0.005 -5"><span class='ocrx_word' id='word_1_13' title='bbox 1331 881 1573 951; x_wconf 80' lang='grc' dir='ltr'>πάντων</span> <span class='ocrx_word' id='word_1_14' title='bbox 1615 891 1751 956; x_wconf 84' lang='grc' dir='ltr'>κτλ,</span> 
     </span>
     <span class='ocr_line' id='line_1_5' title="bbox 496 1008 3848 1107; baseline 0.001 -28"><span class='ocrx_word' id='word_1_15' title='bbox 496 1013 631 1107; x_wconf 78' lang='lat' dir='ltr'>Hoc</span> <span class='ocrx_word' id='word_1_16' title='bbox 676 1015 814 1078; x_wconf 88' lang='lat' dir='ltr'>loco</span> <span class='ocrx_word' id='word_1_17' title='bbox 859 1011 1124 1076; x_wconf 89' lang='lat' dir='ltr'>dubium</span> <span class='ocrx_word' id='word_1_18' title='bbox 1171 1030 1316 1075; x_wconf 89' lang='lat' dir='ltr'>esse</span> <span class='ocrx_word' id='word_1_19' title='bbox 1360 1010 1516 1074; x_wconf 92' lang='lat' dir='ltr'>mihi</span> <span class='ocrx_word' id='word_1_20' title='bbox 1560 1030 1689 1073; x_wconf 88' lang='lat' dir='ltr'>nou</span> <span class='ocrx_word' id='word_1_21' title='bbox 1742 1010 2010 1091; x_wconf 87' lang='lat' dir='ltr'>videtur,</span> <span class='ocrx_word' id='word_1_22' title='bbox 2073 1011 2226 1093; x_wconf 91' lang='lat' dir='ltr'>quin</span> <span class='ocrx_word' id='word_1_23' title='bbox 2273 1008 2535 1096; x_wconf 76' lang='grc' dir='ltr'>ἐπίπρατ’</span> <span class='ocrx_word' id='word_1_24' title='bbox 2589 1031 2714 1075; x_wconf 86' lang='grc'>11011</span> <span class='ocrx_word' id='word_1_25' title='bbox 2772 1013 2850 1076; x_wconf 88' lang='lat' dir='ltr'>ad</span> <span class='ocrx_word' id='word_1_26' title='bbox 2892 1033 3000 1096; x_wconf 91' lang='lat' dir='ltr'>ea,</span> <span class='ocrx_word' id='word_1_27' title='bbox 3054 1035 3217 1099; x_wconf 88' lang='lat' dir='ltr'>quae</span> <span class='ocrx_word' id='word_1_28' title='bbox 3271 1022 3646 1103; x_wconf 88' lang='lat' dir='ltr'>sequuntur,</span> <span class='ocrx_word' id='word_1_29' title='bbox 3689 1020 3848 1085; x_wconf 88' lang='lat' dir='ltr'>refe-</span> 
     </span>
     <span class='ocr_line' id='line_1_6' title="bbox 493 1121 3844 1221; baseline 0.002 -23"><span class='ocrx_word' id='word_1_30' title='bbox 493 1134 762 1198; x_wconf 88' lang='lat' dir='ltr'>rendum</span> <span class='ocrx_word' id='word_1_31' title='bbox 809 1135 911 1213; x_wconf 88' lang='lat' dir='ltr'>sit,</span> <span class='ocrx_word' id='word_1_32' title='bbox 957 1130 1066 1194; x_wconf 89' lang='lat' dir='ltr'>scd</span> <span class='ocrx_word' id='word_1_33' title='bbox 1102 1134 1347 1195; x_wconf 88' lang='lat' dir='ltr'>tantum</span> <span class='ocrx_word' id='word_1_34' title='bbox 1395 1130 1471 1194; x_wconf 89' lang='lat' dir='ltr'>ad</span> <span class='ocrx_word' id='word_1_35' title='bbox 1512 1121 1682 1214; x_wconf 73' lang='grc' dir='ltr'>ξύλα,</span> <span class='ocrx_word' id='word_1_36' title='bbox 1727 1130 1894 1215; x_wconf 91' lang='lat' dir='ltr'>quod</span> <span class='ocrx_word' id='word_1_37' title='bbox 1942 1129 2273 1195; x_wconf 76' lang='lat' dir='ltr'>antecedit.</span> <span class='ocrx_word' id='word_1_38' title='bbox 2360 1130 2524 1194; x_wconf 87' lang='lat' dir='ltr'>Nam</span> <span class='ocrx_word' id='word_1_39' title='bbox 2571 1130 2758 1196; x_wconf 84' lang='lat' dir='ltr'>habet</span> <span class='ocrx_word' id='word_1_40' title='bbox 2818 1133 2976 1198; x_wconf 89' lang='lat' dir='ltr'>haec</span> <span class='ocrx_word' id='word_1_41' title='bbox 3021 1154 3148 1199; x_wconf 80' lang='lat' dir='ltr'>vox</span> <span class='ocrx_word' id='word_1_42' title='bbox 3205 1139 3527 1202; x_wconf 88' lang='lat' dir='ltr'>notionem</span> <span class='ocrx_word' id='word_1_43' title='bbox 3589 1140 3844 1221; x_wconf 88' lang='lat' dir='ltr'>„incen-</span> 
     </span>
     <span class='ocr_line' id='line_1_7' title="bbox 470 1250 3844 1342; baseline 0.002 -23"><span class='ocrx_word' id='word_1_44' title='bbox 470 1254 725 1319; x_wconf 83' lang='lat' dir='ltr'>.dondi“</span> <span class='ocrx_word' id='word_1_45' title='bbox 774 1272 899 1318; x_wconf 91' lang='lat' dir='ltr'>non</span> <span class='ocrx_word' id='word_1_46' title='bbox 951 1251 1466 1334; x_wconf 86' lang='lat' dir='ltr'>„comburendi“,</span> <span class='ocrx_word' id='word_1_47' title='bbox 1512 1270 1674 1336; x_wconf 89' lang='lat' dir='ltr'>quae</span> <span class='ocrx_word' id='word_1_48' title='bbox 1718 1254 1814 1314; x_wconf 86' lang='lat' dir='ltr'>est</span> <span class='ocrx_word' id='word_1_49' title='bbox 1868 1252 2121 1335; x_wconf 89' lang='lat' dir='ltr'>propria</span> <span class='ocrx_word' id='word_1_50' title='bbox 2165 1250 2342 1314; x_wconf 82' lang='lat' dir='ltr'>verbi</span> <span class='ocrx_word' id='word_1_51' title='bbox 2407 1255 2621 1334; x_wconf 84' lang='grc' dir='ltr'>πυροῦν</span> <span class='ocrx_word' id='word_1_52' title='bbox 2685 1252 3082 1336; x_wconf 85' lang='lat' dir='ltr'>significatio.</span> <span class='ocrx_word' id='word_1_53' title='bbox 3169 1254 3397 1340; x_wconf 81' lang='lat' dir='ltr'>Neque</span> <span class='ocrx_word' id='word_1_54' title='bbox 3459 1261 3844 1342; x_wconf 87' lang='lat' dir='ltr'>persuadere</span> 
     </span>
     <span class='ocr_line' id='line_1_8' title="bbox 496 1370 3843 1459; baseline 0.002 -21"><span class='ocrx_word' id='word_1_55' title='bbox 496 1376 650 1439; x_wconf 89' lang='lat' dir='ltr'>mihi</span> <span class='ocrx_word' id='word_1_56' title='bbox 692 1392 976 1458; x_wconf 88' lang='lat' dir='ltr'>possum,</span> <span class='ocrx_word' id='word_1_57' title='bbox 1013 1372 1380 1456; x_wconf 84' lang='lat' dir='ltr'>Euripidem</span> <span class='ocrx_word' id='word_1_58' title='bbox 1424 1372 1706 1436; x_wconf 85' lang='lat' dir='ltr'>voluisse</span> <span class='ocrx_word' id='word_1_59' title='bbox 1750 1370 1989 1452; x_wconf 81' lang='lat' dir='ltr'>Lycum</span> <span class='ocrx_word' id='word_1_60' title='bbox 2029 1375 2203 1435; x_wconf 88' lang='lat' dir='ltr'>tanta</span> <span class='ocrx_word' id='word_1_61' title='bbox 2245 1371 2612 1436; x_wconf 86' lang='lat' dir='ltr'>crudelitate</span> <span class='ocrx_word' id='word_1_62' title='bbox 2657 1373 2948 1437; x_wconf 88' lang='lat' dir='ltr'>affectum</span> <span class='ocrx_word' id='word_1_63' title='bbox 2990 1373 3368 1459; x_wconf 79' lang='lat' dir='ltr'>describere,</span> <span class='ocrx_word' id='word_1_64' title='bbox 3405 1382 3474 1442; x_wconf 90' lang='lat' dir='ltr'>ut</span> <span class='ocrx_word' id='word_1_65' title='bbox 3515 1380 3843 1446; x_wconf 84' lang='lat' dir='ltr'>ministros</span> 
     </span>
     <span class='ocr_line' id='line_1_9' title="bbox 495 1489 3843 1583; baseline 0.002 -24"><span class='ocrx_word' id='word_1_66' title='bbox 495 1514 750 1580; x_wconf 86' lang='lat' dir='ltr'>corpora</span> <span class='ocrx_word' id='word_1_67' title='bbox 794 1493 1087 1577; x_wconf 86' lang='lat' dir='ltr'>Megarae</span> <span class='ocrx_word' id='word_1_68' title='bbox 1134 1497 1195 1557; x_wconf 84' lang='lat' dir='ltr'>et</span> <span class='ocrx_word' id='word_1_69' title='bbox 1259 1494 1523 1558; x_wconf 87' lang='lat' dir='ltr'>aliorum</span> <span class='ocrx_word' id='word_1_70' title='bbox 1572 1494 1782 1556; x_wconf 88' lang='lat' dir='ltr'>statim</span> <span class='ocrx_word' id='word_1_71' title='bbox 1825 1491 2165 1555; x_wconf 84' lang='lat' dir='ltr'>incendere</span> <span class='ocrx_word' id='word_1_72' title='bbox 2206 1490 2468 1555; x_wconf 88' lang='lat' dir='ltr'>iuberet.</span> <span class='ocrx_word' id='word_1_73' title='bbox 2560 1489 2785 1578; x_wconf 87' lang='lat' dir='ltr'>ltaque</span> <span class='ocrx_word' id='word_1_74' title='bbox 2830 1512 3062 1558; x_wconf 87' lang='lat' dir='ltr'>sensus</span> <span class='ocrx_word' id='word_1_75' title='bbox 3107 1497 3250 1560; x_wconf 90' lang='lat' dir='ltr'>erit:</span> <span class='ocrx_word' id='word_1_76' title='bbox 3327 1496 3529 1583; x_wconf 86' lang='lat' dir='ltr'>Ligna</span> <span class='ocrx_word' id='word_1_77' title='bbox 3582 1500 3843 1565; x_wconf 88' lang='lat' dir='ltr'>collecta</span> 
     </span>
     <span class='ocr_line' id='line_1_10' title="bbox 494 1610 3839 1699; baseline 0.002 -21"><span class='ocrx_word' id='word_1_78' title='bbox 494 1614 812 1679; x_wconf 88' lang='lat' dir='ltr'>incondite</span> <span class='ocrx_word' id='word_1_79' title='bbox 857 1617 920 1676; x_wconf 90' lang='lat' dir='ltr'>et</span> <span class='ocrx_word' id='word_1_80' title='bbox 963 1632 1178 1676; x_wconf 88' lang='lat' dir='ltr'>eorum</span> <span class='ocrx_word' id='word_1_81' title='bbox 1229 1616 1514 1679; x_wconf 87' lang='lat' dir='ltr'>omnium</span> <span class='ocrx_word' id='word_1_82' title='bbox 1561 1632 1821 1698; x_wconf 85' lang='lat' dir='ltr'>corpora</span> <span class='ocrx_word' id='word_1_83' title='bbox 1865 1610 2229 1675; x_wconf 87' lang='lat' dir='ltr'>comburite.</span> <span class='ocrx_word' id='word_1_84' title='bbox 2321 1610 2813 1677; x_wconf 87' lang='lat' dir='ltr'>Concedendum</span> <span class='ocrx_word' id='word_1_85' title='bbox 2865 1614 3058 1698; x_wconf 88' lang='lat' dir='ltr'>igitur</span> <span class='ocrx_word' id='word_1_86' title='bbox 3095 1618 3464 1699; x_wconf 82' lang='lat' dir='ltr'>particulam</span> <span class='ocrx_word' id='word_1_87' title='bbox 3522 1621 3639 1699; x_wconf 76' lang='grc' dir='ltr'>καὶ,</span> <span class='ocrx_word' id='word_1_88' title='bbox 3683 1621 3839 1686; x_wconf 87' lang='lat' dir='ltr'>nihil</span> 
     </span>
     <span class='ocr_line' id='line_1_11' title="bbox 491 1732 2877 1819; baseline -0.001 -20"><span class='ocrx_word' id='word_1_89' title='bbox 491 1735 662 1799; x_wconf 87' lang='lat' dir='ltr'>aliud</span> <span class='ocrx_word' id='word_1_90' title='bbox 710 1735 838 1797; x_wconf 91' lang='lat' dir='ltr'>nisi</span> <span class='ocrx_word' id='word_1_91' title='bbox 883 1733 1156 1816; x_wconf 84' lang='lat' dir='ltr'>simplex</span> <span class='ocrx_word' id='word_1_92' title='bbox 1205 1735 1341 1815; x_wconf 85' lang='lat' dir='ltr'>„et“</span> <span class='ocrx_word' id='word_1_93' title='bbox 1391 1734 1854 1819; x_wconf 88' lang='lat' dir='ltr'>significantem</span> <span class='ocrx_word' id='word_1_94' title='bbox 1898 1732 2178 1797; x_wconf 89' lang='lat' dir='ltr'>secundo</span> <span class='ocrx_word' id='word_1_95' title='bbox 2222 1734 2360 1797; x_wconf 92' lang='lat' dir='ltr'>loco</span> <span class='ocrx_word' id='word_1_96' title='bbox 2400 1735 2673 1816; x_wconf 76' lang='lat' dir='ltr'>positam</span> <span class='ocrx_word' id='word_1_97' title='bbox 2717 1752 2877 1798; x_wconf 88' lang='lat' dir='ltr'>esse.</span> 
     </span>
    </p>

    <p class='ocr_par' dir='ltr' id='par_1_5' title="bbox 492 1846 3840 2180">
     <span class='ocr_line' id='line_1_12' title="bbox 828 1846 3838 1945; baseline 0.003 -28"><span class='ocrx_word' id='word_1_98' title='bbox 828 1852 970 1917; x_wconf 86' lang='lat' dir='ltr'>Pari</span> <span class='ocrx_word' id='word_1_99' title='bbox 1016 1853 1396 1920; x_wconf 87' lang='lat' dir='ltr'>confidentia</span> <span class='ocrx_word' id='word_1_100' title='bbox 1439 1856 1635 1919; x_wconf 86' lang='lat' dir='ltr'>alium</span> <span class='ocrx_word' id='word_1_101' title='bbox 1679 1855 1889 1919; x_wconf 90' lang='lat' dir='ltr'>locum</span> <span class='ocrx_word' id='word_1_102' title='bbox 1933 1853 2254 1937; x_wconf 82' lang='lat' dir='ltr'>Euripidis</span> <span class='ocrx_word' id='word_1_103' title='bbox 2317 1855 2498 1918; x_wconf 85' lang='lat' dir='ltr'>aliter</span> <span class='ocrx_word' id='word_1_104' title='bbox 2549 1846 3084 1938; x_wconf 82' lang='lat' dir='ltr'>interpretandum</span> <span class='ocrx_word' id='word_1_105' title='bbox 3139 1875 3282 1922; x_wconf 85' lang='lat' dir='ltr'>csse</span> <span class='ocrx_word' id='word_1_106' title='bbox 3340 1879 3600 1945; x_wconf 86' lang='lat' dir='ltr'>conseo,</span> <span class='ocrx_word' id='word_1_107' title='bbox 3645 1880 3838 1945; x_wconf 88' lang='lat' dir='ltr'>quam</span> 
     </span>
     <span class='ocr_line' id='line_1_13' title="bbox 492 1972 3840 2064; baseline 0.003 -26"><span class='ocrx_word' id='word_1_108' title='bbox 492 1975 676 2039; x_wconf 88' lang='lat' dir='ltr'>hodio</span> <span class='ocrx_word' id='word_1_109' title='bbox 720 1974 1094 2059; x_wconf 85' lang='lat' dir='ltr'>plerumque</span> <span class='ocrx_word' id='word_1_110' title='bbox 1138 1975 1225 2039; x_wconf 88' lang='lat' dir='ltr'>fit.</span> <span class='ocrx_word' id='word_1_111' title='bbox 1313 1974 1387 2039; x_wconf 94' lang='lat' dir='ltr'>In</span> <span class='ocrx_word' id='word_1_112' title='bbox 1433 1974 1774 2059; x_wconf 83' lang='lat' dir='ltr'>Hippolyto</span> <span class='ocrx_word' id='word_1_113' title='bbox 1820 1977 1993 2037; x_wconf 87' lang='lat' dir='ltr'>enim</span> <span class='ocrx_word' id='word_1_114' title='bbox 2036 1972 2320 2037; x_wconf 89' lang='lat' dir='ltr'>Phaedra</span> <span class='ocrx_word' id='word_1_115' title='bbox 2366 1991 2641 2038; x_wconf 89' lang='lat' dir='ltr'>amorem</span> <span class='ocrx_word' id='word_1_116' title='bbox 2686 1976 2976 2041; x_wconf 80' lang='lat' dir='ltr'>confessa</span> <span class='ocrx_word' id='word_1_117' title='bbox 3021 1977 3337 2062; x_wconf 89' lang='lat' dir='ltr'>describit,</span> <span class='ocrx_word' id='word_1_118' title='bbox 3373 1980 3607 2064; x_wconf 89' lang='lat' dir='ltr'>quibus</span> <span class='ocrx_word' id='word_1_119' title='bbox 3651 1984 3840 2048; x_wconf 90' lang='lat' dir='ltr'>ratio-</span> 
     </span>
     <span class='ocr_line' id='line_1_14' title="bbox 492 2093 2752 2180; baseline -0.001 -18"><span class='ocrx_word' id='word_1_120' title='bbox 492 2097 682 2162; x_wconf 88' lang='lat' dir='ltr'>nibus</span> <span class='ocrx_word' id='word_1_121' title='bbox 724 2117 863 2162; x_wconf 86' lang='lat' dir='ltr'>cam</span> <span class='ocrx_word' id='word_1_122' title='bbox 908 2095 1276 2180; x_wconf 89' lang='lat' dir='ltr'>propulsare</span> <span class='ocrx_word' id='word_1_123' title='bbox 1315 2101 1534 2160; x_wconf 80' lang='lat' dir='ltr'>conata</span> <span class='ocrx_word' id='word_1_124' title='bbox 1579 2097 1675 2159; x_wconf 92' lang='lat' dir='ltr'>sit.</span> <span class='ocrx_word' id='word_1_125' title='bbox 1763 2094 2023 2179; x_wconf 84' lang='lat' dir='ltr'>Legitur</span> <span class='ocrx_word' id='word_1_126' title='bbox 2058 2112 2118 2158; x_wconf 78' lang='lat' dir='ltr'>v.</span> <span class='ocrx_word' id='word_1_127' title='bbox 2168 2093 2289 2157; x_wconf 79' lang='lat'>392</span> <span class='ocrx_word' id='word_1_128' title='bbox 2335 2097 2399 2157; x_wconf 91' lang='lat' dir='ltr'>et</span> <span class='ocrx_word' id='word_1_129' title='bbox 2442 2094 2565 2157; x_wconf 88' lang='lat'>393</span> <span class='ocrx_word' id='word_1_130' title='bbox 2609 2096 2752 2160; x_wconf 86' lang='lat' dir='ltr'>hoc:</span> 
     </span>
    </p>

    <p class='ocr_par' dir='ltr' id='par_1_6' title="bbox 2162 2205 2714 2301">
     <span class='ocr_line' id='line_1_15' title="bbox 2162 2205 2714 2301; baseline 0.005 -25"><span class='ocrx_word' id='word_1_131' title='bbox 2162 2205 2429 2301; x_wconf 76' lang='grc' dir='ltr'>ἠρξάμην</span> <span class='ocrx_word' id='word_1_132' title='bbox 2472 2212 2579 2299; x_wconf 84' lang='grc' dir='ltr'>μὲν</span> <span class='ocrx_word' id='word_1_133' title='bbox 2613 2209 2714 2279; x_wconf 78' lang='grc' dir='ltr'>οὖν</span> 
     </span>
    </p>

    <p class='ocr_par' dir='ltr' id='par_1_7' title="bbox 1326 2327 2762 2424">
     <span class='ocr_line' id='line_1_16' title="bbox 1326 2327 2762 2424; baseline 0.002 -27"><span class='ocrx_word' id='word_1_134' title='bbox 1326 2336 1395 2396; x_wconf 75' lang='grc' dir='ltr'>ἐκ</span> <span class='ocrx_word' id='word_1_135' title='bbox 1437 2327 1620 2397; x_wconf 77' lang='grc' dir='ltr'>τοῦδε</span> <span class='ocrx_word' id='word_1_136' title='bbox 1665 2339 1852 2421; x_wconf 78' lang='grc' dir='ltr'>σιγᾶν,</span> <span class='ocrx_word' id='word_1_137' title='bbox 1895 2327 2076 2406; x_wconf 70' lang='grc' dir='ltr'>τήνδε</span> <span class='ocrx_word' id='word_1_138' title='bbox 2119 2338 2219 2399; x_wconf 70' lang='grc' dir='ltr'>καὶ</span> <span class='ocrx_word' id='word_1_139' title='bbox 2260 2327 2535 2424; x_wconf 77' lang='grc' dir='ltr'>κρύπτειν</span> <span class='ocrx_word' id='word_1_140' title='bbox 2576 2327 2762 2400; x_wconf 80' lang='grc' dir='ltr'>νόσον.</span> 
     </span>
    </p>

    <p class='ocr_par' dir='ltr' id='par_1_8' title="bbox 481 2447 3834 3505">
     <span class='ocr_line' id='line_1_17' title="bbox 1323 2447 2372 2542; baseline 0.001 -26"><span class='ocrx_word' id='word_1_141' title='bbox 1323 2447 1573 2539; x_wconf 68' lang='grc' dir='ltr'>γλώσσῃ</span> <span class='ocrx_word' id='word_1_142' title='bbox 1613 2450 1728 2542; x_wconf 76' lang='grc' dir='ltr'>γὰρ</span> <span class='ocrx_word' id='word_1_143' title='bbox 1772 2448 1944 2518; x_wconf 75' lang='grc' dir='ltr'>οὐδὲν</span> <span class='ocrx_word' id='word_1_144' title='bbox 1984 2451 2195 2519; x_wconf 85' lang='grc' dir='ltr'>πιστὸν</span> <span class='ocrx_word' id='word_1_145' title='bbox 2235 2459 2372 2518; x_wconf 84' lang='grc' dir='ltr'>κτλ.</span> 
     </span>
     <span class='ocr_line' id='line_1_18' title="bbox 489 2569 3832 2663; baseline 0.001 -22"><span class='ocrx_word' id='word_1_146' title='bbox 489 2578 775 2643; x_wconf 89' lang='lat' dir='ltr'>Editores</span> <span class='ocrx_word' id='word_1_147' title='bbox 832 2600 930 2662; x_wconf 90' lang='lat' dir='ltr'>co,</span> <span class='ocrx_word' id='word_1_148' title='bbox 986 2579 1156 2663; x_wconf 89' lang='lat' dir='ltr'>quod</span> <span class='ocrx_word' id='word_1_149' title='bbox 1221 2581 1367 2662; x_wconf 91' lang='lat' dir='ltr'>post</span> <span class='ocrx_word' id='word_1_150' title='bbox 1436 2581 1607 2662; x_wconf 80' lang='grc' dir='ltr'>σιγᾶν</span> <span class='ocrx_word' id='word_1_151' title='bbox 1672 2596 1797 2641; x_wconf 88' lang='grc'>11011</span> <span class='ocrx_word' id='word_1_152' title='bbox 1848 2579 2339 2662; x_wconf 89' lang='lat' dir='ltr'>interpungunt,</span> <span class='ocrx_word' id='word_1_153' title='bbox 2396 2577 2680 2641; x_wconf 89' lang='lat' dir='ltr'>indicant</span> <span class='ocrx_word' id='word_1_154' title='bbox 2721 2595 2864 2641; x_wconf 90' lang='grc'>8080</span> <span class='ocrx_word' id='word_1_155' title='bbox 2909 2578 3130 2661; x_wconf 86' lang='lat' dir='ltr'>putare</span> <span class='ocrx_word' id='word_1_156' title='bbox 3192 2569 3373 2647; x_wconf 72' lang='grc' dir='ltr'>τήνδε</span> <span class='ocrx_word' id='word_1_157' title='bbox 3415 2570 3586 2642; x_wconf 81' lang='grc' dir='ltr'>νόσον</span> <span class='ocrx_word' id='word_1_158' title='bbox 3651 2583 3714 2644; x_wconf 88' lang='lat' dir='ltr'>ot</span> <span class='ocrx_word' id='word_1_159' title='bbox 3753 2578 3832 2644; x_wconf 88' lang='lat' dir='ltr'>ab</span> 
     </span>
     <span class='ocr_line' id='line_1_19' title="bbox 489 2690 3834 2785; baseline 0.001 -25"><span class='ocrx_word' id='word_1_160' title='bbox 489 2704 659 2784; x_wconf 73' lang='grc' dir='ltr'>σιγᾶν</span> <span class='ocrx_word' id='word_1_161' title='bbox 699 2706 763 2764; x_wconf 83' lang='lat' dir='ltr'>et</span> <span class='ocrx_word' id='word_1_162' title='bbox 803 2698 880 2763; x_wconf 90' lang='lat' dir='ltr'>ab</span> <span class='ocrx_word' id='word_1_163' title='bbox 926 2690 1197 2785; x_wconf 79' lang='grc' dir='ltr'>κρύπτειν</span> <span class='ocrx_word' id='word_1_164' title='bbox 1238 2698 1517 2781; x_wconf 88' lang='lat' dir='ltr'>pendere</span> <span class='ocrx_word' id='word_1_165' title='bbox 1561 2698 1666 2778; x_wconf 89' lang='lat' dir='ltr'>ita,</span> <span class='ocrx_word' id='word_1_166' title='bbox 1712 2700 1780 2760; x_wconf 89' lang='lat' dir='ltr'>ut</span> <span class='ocrx_word' id='word_1_167' title='bbox 1824 2716 2055 2761; x_wconf 87' lang='lat' dir='ltr'>seusus</span> <span class='ocrx_word' id='word_1_168' title='bbox 2100 2699 2212 2760; x_wconf 87' lang='lat' dir='ltr'>sit:</span> <span class='ocrx_word' id='word_1_169' title='bbox 2264 2696 2646 2782; x_wconf 89' lang='lat' dir='ltr'>lncipiebam</span> <span class='ocrx_word' id='word_1_170' title='bbox 2687 2697 2860 2762; x_wconf 90' lang='lat' dir='ltr'>hunc</span> <span class='ocrx_word' id='word_1_171' title='bbox 2919 2716 3136 2762; x_wconf 89' lang='lat' dir='ltr'>meum</span> <span class='ocrx_word' id='word_1_172' title='bbox 3180 2719 3457 2764; x_wconf 86' lang='lat' dir='ltr'>amorem</span> <span class='ocrx_word' id='word_1_173' title='bbox 3516 2704 3723 2765; x_wconf 86' lang='lat' dir='ltr'>tacere</span> <span class='ocrx_word' id='word_1_174' title='bbox 3769 2704 3834 2766; x_wconf 94' lang='lat' dir='ltr'>et</span> 
     </span>
     <span class='ocr_line' id='line_1_20' title="bbox 488 2817 3830 2905; baseline 0.001 -24"><span class='ocrx_word' id='word_1_175' title='bbox 488 2819 709 2883; x_wconf 86' lang='lat' dir='ltr'>colare.</span> <span class='ocrx_word' id='word_1_176' title='bbox 795 2817 955 2902; x_wconf 90' lang='lat' dir='ltr'>Hoc,</span> <span class='ocrx_word' id='word_1_177' title='bbox 994 2839 1382 2904; x_wconf 86' lang='lat' dir='ltr'>quamquam</span> <span class='ocrx_word' id='word_1_178' title='bbox 1424 2838 1525 2882; x_wconf 86' lang='lat' dir='ltr'>ars</span> <span class='ocrx_word' id='word_1_179' title='bbox 1565 2820 1973 2901; x_wconf 89' lang='lat' dir='ltr'>grammatica</span> <span class='ocrx_word' id='word_1_180' title='bbox 2016 2837 2143 2881; x_wconf 90' lang='lat' dir='ltr'>non</span> <span class='ocrx_word' id='word_1_181' title='bbox 2205 2818 2487 2902; x_wconf 90' lang='lat' dir='ltr'>impedit,</span> <span class='ocrx_word' id='word_1_182' title='bbox 2545 2836 2627 2882; x_wconf 91' lang='lat' dir='ltr'>ne</span> <span class='ocrx_word' id='word_1_183' title='bbox 2672 2819 2843 2901; x_wconf 77' lang='grc' dir='ltr'>σιγᾶν</span> <span class='ocrx_word' id='word_1_184' title='bbox 2885 2819 3320 2883; x_wconf 84' lang='lat' dir='ltr'>accusativum</span> <span class='ocrx_word' id='word_1_185' title='bbox 3377 2824 3572 2905; x_wconf 88' lang='lat' dir='ltr'>regat,</span> <span class='ocrx_word' id='word_1_186' title='bbox 3615 2824 3830 2885; x_wconf 87' lang='lat' dir='ltr'>tamen</span> 
     </span>
     <span class='ocr_line' id='line_1_21' title="bbox 482 2935 3828 3022; baseline 0.001 -21"><span class='ocrx_word' id='word_1_187' title='bbox 482 2940 712 3004; x_wconf 82' lang='lat' dir='ltr'>falsum</span> <span class='ocrx_word' id='word_1_188' title='bbox 758 2945 870 3004; x_wconf 89' lang='lat' dir='ltr'>est.</span> <span class='ocrx_word' id='word_1_189' title='bbox 958 2940 1123 3003; x_wconf 85' lang='lat' dir='ltr'>Nam</span> <span class='ocrx_word' id='word_1_190' title='bbox 1160 2958 1391 3004; x_wconf 87' lang='lat' dir='ltr'>sensus</span> <span class='ocrx_word' id='word_1_191' title='bbox 1437 2957 1581 3003; x_wconf 88' lang='lat' dir='ltr'>esse</span> <span class='ocrx_word' id='word_1_192' title='bbox 1634 2938 1845 3003; x_wconf 84' lang='lat' dir='ltr'>debet:</span> <span class='ocrx_word' id='word_1_193' title='bbox 1894 2935 2282 3022; x_wconf 89' lang='lat' dir='ltr'>lncipiebam</span> <span class='ocrx_word' id='word_1_194' title='bbox 2342 2941 2547 3002; x_wconf 86' lang='lat' dir='ltr'>tacere</span> <span class='ocrx_word' id='word_1_195' title='bbox 2601 2941 2664 3000; x_wconf 91' lang='lat' dir='ltr'>et</span> <span class='ocrx_word' id='word_1_196' title='bbox 2728 2954 2942 3001; x_wconf 85' lang='lat' dir='ltr'>meum</span> <span class='ocrx_word' id='word_1_197' title='bbox 3010 2958 3291 3003; x_wconf 88' lang='lat' dir='ltr'>amorem</span> <span class='ocrx_word' id='word_1_198' title='bbox 3352 2939 3575 3005; x_wconf 87' lang='lat' dir='ltr'>celare.</span> <span class='ocrx_word' id='word_1_199' title='bbox 3663 2939 3828 3005; x_wconf 88' lang='lat' dir='ltr'>Nam</span> 
     </span>
     <span class='ocr_line' id='line_1_22' title="bbox 483 3034 3828 3147; baseline 0 -24"><span class='ocrx_word' id='word_1_200' title='bbox 483 3061 662 3124; x_wconf 87' lang='lat' dir='ltr'>aliter</span> <span class='ocrx_word' id='word_1_201' title='bbox 704 3061 1073 3147; x_wconf 82' lang='lat' dir='ltr'>intellegere</span> <span class='ocrx_word' id='word_1_202' title='bbox 1118 3081 1245 3125; x_wconf 87' lang='lat' dir='ltr'>non</span> <span class='ocrx_word' id='word_1_203' title='bbox 1292 3078 1654 3144; x_wconf 87' lang='lat' dir='ltr'>possumus,</span> <span class='ocrx_word' id='word_1_204' title='bbox 1698 3059 2014 3143; x_wconf 88' lang='lat' dir='ltr'>quomodo</span> <span class='ocrx_word' id='word_1_205' title='bbox 2049 3058 2186 3124; x_wconf 87' lang='lat' dir='ltr'>fieri</span> <span class='ocrx_word' id='word_1_206' title='bbox 2234 3034 2457 3142; x_wconf 51' lang='lat' dir='ltr'>p‘ossit,</span> <span class='ocrx_word' id='word_1_207' title='bbox 2494 3064 2563 3123; x_wconf 90' lang='lat' dir='ltr'>ut</span> <span class='ocrx_word' id='word_1_208' title='bbox 2605 3056 2890 3123; x_wconf 85' lang='lat' dir='ltr'>Phaedra</span> <span class='ocrx_word' id='word_1_209' title='bbox 2930 3061 3239 3141; x_wconf 81' lang='lat' dir='ltr'>proximis</span> <span class='ocrx_word' id='word_1_210' title='bbox 3284 3060 3494 3124; x_wconf 85' lang='lat' dir='ltr'>statim</span> <span class='ocrx_word' id='word_1_211' title='bbox 3535 3059 3828 3125; x_wconf 81' lang='lat' dir='ltr'>versibus</span> 
     </span>
     <span class='ocr_line' id='line_1_23' title="bbox 481 3172 3828 3269; baseline 0.001 -27"><span class='ocrx_word' id='word_1_212' title='bbox 481 3172 730 3267; x_wconf 75' lang='grc' dir='ltr'>γλώσσῃ</span> <span class='ocrx_word' id='word_1_213' title='bbox 770 3176 883 3269; x_wconf 77' lang='grc' dir='ltr'>γὰρ</span> <span class='ocrx_word' id='word_1_214' title='bbox 923 3174 1094 3244; x_wconf 77' lang='grc' dir='ltr'>οὐδὲν</span> <span class='ocrx_word' id='word_1_215' title='bbox 1136 3174 1346 3243; x_wconf 83' lang='grc' dir='ltr'>πιστὸν</span> <span class='ocrx_word' id='word_1_216' title='bbox 1390 3184 1524 3246; x_wconf 77' lang='grc' dir='ltr'>κτλ.</span> <span class='ocrx_word' id='word_1_217' title='bbox 1571 3181 1853 3263; x_wconf 86' lang='lat' dir='ltr'>linguam</span> <span class='ocrx_word' id='word_1_218' title='bbox 1901 3180 2263 3263; x_wconf 86' lang='lat' dir='ltr'>detestetur,</span> <span class='ocrx_word' id='word_1_219' title='bbox 2307 3199 2469 3265; x_wconf 88' lang='lat' dir='ltr'>quae</span> <span class='ocrx_word' id='word_1_220' title='bbox 2516 3198 2644 3243; x_wconf 90' lang='lat' dir='ltr'>non</span> <span class='ocrx_word' id='word_1_221' title='bbox 2713 3179 2922 3244; x_wconf 90' lang='lat' dir='ltr'>solum</span> <span class='ocrx_word' id='word_1_222' title='bbox 2986 3178 3213 3243; x_wconf 87' lang='lat' dir='ltr'>alienis</span> <span class='ocrx_word' id='word_1_223' title='bbox 3281 3179 3649 3246; x_wconf 88' lang='lat' dir='ltr'>hominibus</span> <span class='ocrx_word' id='word_1_224' title='bbox 3713 3182 3828 3246; x_wconf 89' lang='lat' dir='ltr'>sod</span> 
     </span>
     <span class='ocr_line' id='line_1_24' title="bbox 483 3298 3827 3384; baseline 0.001 -21"><span class='ocrx_word' id='word_1_225' title='bbox 483 3301 672 3364; x_wconf 86' lang='lat' dir='ltr'>etiam</span> <span class='ocrx_word' id='word_1_226' title='bbox 733 3303 1087 3384; x_wconf 89' lang='lat' dir='ltr'>possessori</span> <span class='ocrx_word' id='word_1_227' title='bbox 1154 3303 1433 3365; x_wconf 87' lang='lat' dir='ltr'>maxima</span> <span class='ocrx_word' id='word_1_228' title='bbox 1477 3301 1643 3363; x_wconf 84' lang='lat' dir='ltr'>mala</span> <span class='ocrx_word' id='word_1_229' title='bbox 1684 3300 1858 3364; x_wconf 84' lang='lat' dir='ltr'>ferat.</span> <span class='ocrx_word' id='word_1_230' title='bbox 1943 3298 2136 3365; x_wconf 90' lang='lat' dir='ltr'>Porro</span> <span class='ocrx_word' id='word_1_231' title='bbox 2194 3299 2476 3365; x_wconf 84' lang='lat' dir='ltr'>Phaedra</span> <span class='ocrx_word' id='word_1_232' title='bbox 2540 3301 2773 3364; x_wconf 86' lang='lat' dir='ltr'>nostris</span> <span class='ocrx_word' id='word_1_233' title='bbox 2838 3298 3050 3365; x_wconf 81' lang='lat' dir='ltr'>verbis</span> <span class='ocrx_word' id='word_1_234' title='bbox 3094 3300 3359 3365; x_wconf 88' lang='lat' dir='ltr'>eandem</span> <span class='ocrx_word' id='word_1_235' title='bbox 3399 3303 3634 3366; x_wconf 87' lang='lat' dir='ltr'>mentis</span> <span class='ocrx_word' id='word_1_236' title='bbox 3673 3321 3827 3367; x_wconf 88' lang='lat' dir='ltr'>suae</span> 
     </span>
     <span class='ocr_line' id='line_1_25' title="bbox 482 3418 3441 3505; baseline 0.001 -22"><span class='ocrx_word' id='word_1_237' title='bbox 482 3420 920 3485; x_wconf 89' lang='lat' dir='ltr'>condicionem</span> <span class='ocrx_word' id='word_1_238' title='bbox 969 3419 1286 3501; x_wconf 87' lang='lat' dir='ltr'>describit,</span> <span class='ocrx_word' id='word_1_239' title='bbox 1332 3439 1521 3503; x_wconf 87' lang='lat' dir='ltr'>quam</span> <span class='ocrx_word' id='word_1_240' title='bbox 1569 3418 1789 3484; x_wconf 77' lang='lat' dir='ltr'>Venus</span> <span class='ocrx_word' id='word_1_241' title='bbox 1834 3422 1900 3484; x_wconf 91' lang='lat' dir='ltr'>in</span> <span class='ocrx_word' id='word_1_242' title='bbox 1947 3422 2206 3505; x_wconf 90' lang='lat' dir='ltr'>prologo</span> <span class='ocrx_word' id='word_1_243' title='bbox 2250 3421 2482 3503; x_wconf 81' lang='lat' dir='ltr'>pinxit,</span> <span class='ocrx_word' id='word_1_244' title='bbox 2528 3438 2674 3483; x_wconf 89' lang='lat' dir='ltr'>cum</span> <span class='ocrx_word' id='word_1_245' title='bbox 2719 3419 2952 3484; x_wconf 86' lang='lat' dir='ltr'>diceret</span> <span class='ocrx_word' id='word_1_246' title='bbox 2993 3441 3053 3483; x_wconf 84' lang='lat' dir='ltr'>v.</span> <span class='ocrx_word' id='word_1_247' title='bbox 3100 3421 3180 3485; x_wconf 89' lang='lat'>39</span> <span class='ocrx_word' id='word_1_248' title='bbox 3225 3423 3289 3485; x_wconf 89' lang='lat' dir='ltr'>et</span> <span class='ocrx_word' id='word_1_249' title='bbox 3329 3421 3441 3485; x_wconf 87' lang='lat'>40:</span> 
     </span>
    </p>

    <p class='ocr_par' dir='ltr' id='par_1_9' title="bbox 1315 3529 2569 3625">
     <span class='ocr_line' id='line_1_26' title="bbox 1315 3529 2569 3625; baseline 0.001 -26"><span class='ocrx_word' id='word_1_250' title='bbox 1315 3537 1574 3625; x_wconf 77' lang='grc' dir='ltr'>κέντροις</span> <span class='ocrx_word' id='word_1_251' title='bbox 1614 3541 1833 3624; x_wconf 75' lang='grc' dir='ltr'>ἔρωτος</span> <span class='ocrx_word' id='word_1_252' title='bbox 1874 3532 1912 3607; x_wconf 72' lang='grc' dir='ltr'>ᾗ</span> <span class='ocrx_word' id='word_1_253' title='bbox 1955 3530 2178 3600; x_wconf 81' lang='grc' dir='ltr'>τάλαιν’</span> <span class='ocrx_word' id='word_1_254' title='bbox 2230 3529 2569 3600; x_wconf 77' lang='grc' dir='ltr'>ἀπόλλυται</span> 
     </span>
    </p>

    <p class='ocr_par' dir='ltr' id='par_1_10' title="bbox 474 3649 3820 3986">
     <span class='ocr_line' id='line_1_27' title="bbox 1319 3649 2666 3745; baseline 0.001 -24"><span class='ocrx_word' id='word_1_255' title='bbox 1319 3665 1527 3745; x_wconf 71' lang='grc' dir='ltr'>σιγῇ,</span> <span class='ocrx_word' id='word_1_256' title='bbox 1574 3651 1803 3722; x_wconf 71' lang='grc' dir='ltr'>σύνοιδε</span> <span class='ocrx_word' id='word_1_257' title='bbox 1845 3651 1898 3719; x_wconf 79' lang='grc' dir='ltr'>δ’</span> <span class='ocrx_word' id='word_1_258' title='bbox 1948 3652 2108 3732; x_wconf 80' lang='grc' dir='ltr'>οὔτις</span> <span class='ocrx_word' id='word_1_259' title='bbox 2151 3662 2402 3721; x_wconf 78' lang='grc' dir='ltr'>οἰκετῶν</span> <span class='ocrx_word' id='word_1_260' title='bbox 2442 3649 2666 3722; x_wconf 78' lang='grc' dir='ltr'>νόσον.’</span> 
     </span>
     <span class='ocr_line' id='line_1_28' title="bbox 474 3778 3820 3866; baseline 0.001 -21"><span class='ocrx_word' id='word_1_261' title='bbox 474 3780 601 3845; x_wconf 91' lang='lat' dir='ltr'>Hic</span> <span class='ocrx_word' id='word_1_262' title='bbox 644 3781 836 3864; x_wconf 86' lang='lat' dir='ltr'>igitur</span> <span class='ocrx_word' id='word_1_263' title='bbox 877 3797 1124 3861; x_wconf 81' lang='lat' dir='ltr'>versuS,</span> <span class='ocrx_word' id='word_1_264' title='bbox 1169 3799 1359 3863; x_wconf 87' lang='lat' dir='ltr'>quem</span> <span class='ocrx_word' id='word_1_265' title='bbox 1402 3781 1744 3844; x_wconf 80' lang='lat' dir='ltr'>falsissime</span> <span class='ocrx_word' id='word_1_266' title='bbox 1768 3778 2144 3843; x_wconf 89' lang='lat' dir='ltr'>Wheelcrus</span> <span class='ocrx_word' id='word_1_267' title='bbox 2190 3780 2396 3861; x_wconf 89' lang='lat' dir='ltr'>eiecit,</span> <span class='ocrx_word' id='word_1_268' title='bbox 2434 3778 2614 3843; x_wconf 88' lang='lat' dir='ltr'>docet</span> <span class='ocrx_word' id='word_1_269' title='bbox 2662 3781 2853 3844; x_wconf 88' lang='lat' dir='ltr'>etiam</span> <span class='ocrx_word' id='word_1_270' title='bbox 2901 3800 2959 3843; x_wconf 86' lang='lat' dir='ltr'>v.</span> <span class='ocrx_word' id='word_1_271' title='bbox 3004 3782 3127 3845; x_wconf 88' lang='grc'>393</span> <span class='ocrx_word' id='word_1_272' title='bbox 3175 3784 3345 3866; x_wconf 85' lang='grc' dir='ltr'>σιγᾶν</span> <span class='ocrx_word' id='word_1_273' title='bbox 3370 3801 3483 3866; x_wconf 90' lang='lat' dir='ltr'>per</span> <span class='ocrx_word' id='word_1_274' title='bbox 3511 3801 3581 3846; x_wconf 91' lang='grc'>80</span> <span class='ocrx_word' id='word_1_275' title='bbox 3613 3783 3820 3847; x_wconf 83' lang='grc'>80111111</span> 
     </span>
     <span class='ocr_line' id='line_1_29' title="bbox 480 3898 2982 3986; baseline 0 -23"><span class='ocrx_word' id='word_1_276' title='bbox 480 3900 975 3986; x_wconf 86' lang='lat' dir='ltr'>intellegendum</span> <span class='ocrx_word' id='word_1_277' title='bbox 1020 3918 1164 3964; x_wconf 88' lang='lat' dir='ltr'>esse</span> <span class='ocrx_word' id='word_1_278' title='bbox 1205 3905 1268 3963; x_wconf 88' lang='lat' dir='ltr'>et</span> <span class='ocrx_word' id='word_1_279' title='bbox 1310 3901 1409 3962; x_wconf 80' lang='grc' dir='ltr'>καὶ</span> <span class='ocrx_word' id='word_1_280' title='bbox 1453 3899 1732 3964; x_wconf 86' lang='lat' dir='ltr'>secundo</span> <span class='ocrx_word' id='word_1_281' title='bbox 1777 3899 1915 3964; x_wconf 90' lang='lat' dir='ltr'>loco</span> <span class='ocrx_word' id='word_1_282' title='bbox 1957 3899 2036 3963; x_wconf 89' lang='lat' dir='ltr'>ab</span> <span class='ocrx_word' id='word_1_283' title='bbox 2081 3899 2386 3982; x_wconf 85' lang='lat' dir='ltr'>Euripide</span> <span class='ocrx_word' id='word_1_284' title='bbox 2428 3898 2775 3965; x_wconf 87' lang='lat' dir='ltr'>admissum</span> <span class='ocrx_word' id='word_1_285' title='bbox 2824 3919 2982 3966; x_wconf 89' lang='grc'>0880.</span> 
     </span>
    </p>

    <p class='ocr_par' dir='ltr' id='par_1_11' title="bbox 812 4000 3825 4105">
     <span class='ocr_line' id='line_1_30' title="bbox 812 4000 3825 4105; baseline 0.003 -22"><span class='ocrx_word' id='word_1_286' title='bbox 812 4018 934 4083; x_wconf 84' lang='grc' dir='ltr'>Η18</span> <span class='ocrx_word' id='word_1_287' title='bbox 978 4017 1228 4083; x_wconf 90' lang='lat' dir='ltr'>duobus</span> <span class='ocrx_word' id='word_1_288' title='bbox 1272 4020 1428 4087; x_wconf 90' lang='lat' dir='ltr'>locis</span> <span class='ocrx_word' id='word_1_289' title='bbox 1472 4021 1675 4086; x_wconf 88' lang='lat' dir='ltr'>adicio</span> <span class='ocrx_word' id='word_1_290' title='bbox 1718 4038 1921 4086; x_wconf 88' lang='lat' dir='ltr'>unum</span> <span class='ocrx_word' id='word_1_291' title='bbox 1965 4038 2224 4086; x_wconf 87' lang='lat' dir='ltr'>versum</span> <span class='ocrx_word' id='word_1_292' title='bbox 2266 4020 2637 4105; x_wconf 88' lang='lat' dir='ltr'>Iphigeniae</span> <span class='ocrx_word' id='word_1_293' title='bbox 2682 4020 3004 4088; x_wconf 85' lang='lat' dir='ltr'>Tauricae.</span> <span class='ocrx_word' id='word_1_294' title='bbox 3091 4021 3168 4086; x_wconf 90' lang='lat' dir='ltr'>In</span> <span class='ocrx_word' id='word_1_295' title='bbox 3222 4022 3331 4088; x_wconf 88' lang='lat' dir='ltr'>illa</span> <span class='ocrx_word' id='word_1_296' title='bbox 3390 4024 3564 4089; x_wconf 88' lang='lat' dir='ltr'>enim</span> <span class='ocrx_word' id='word_1_297' title='bbox 3611 4000 3825 4091; x_wconf 77' lang='lat' dir='ltr'>sabula</span> 
     </span>
    </p>

    <p class='ocr_par' dir='ltr' id='par_1_12' title="bbox 477 4138 1649 4223">
     <span class='ocr_line' id='line_1_31' title="bbox 477 4138 1649 4223; baseline 0.002 -19"><span class='ocrx_word' id='word_1_298' title='bbox 477 4139 751 4223; x_wconf 82' lang='lat' dir='ltr'>Pylades</span> <span class='ocrx_word' id='word_1_299' title='bbox 793 4138 997 4204; x_wconf 87' lang='lat' dir='ltr'>Oresti</span> <span class='ocrx_word' id='word_1_300' title='bbox 1042 4140 1161 4204; x_wconf 91' lang='lat' dir='ltr'>hoc</span> <span class='ocrx_word' id='word_1_301' title='bbox 1203 4140 1353 4206; x_wconf 92' lang='lat' dir='ltr'>dicit</span> <span class='ocrx_word' id='word_1_302' title='bbox 1398 4163 1458 4204; x_wconf 76' lang='grc' dir='ltr'>ν.</span> <span class='ocrx_word' id='word_1_303' title='bbox 1499 4143 1649 4206; x_wconf 84' lang='grc'><strong>675;</strong></span> 
     </span>
    </p>

    <p class='ocr_par' dir='ltr' id='par_1_13' title="bbox 1312 4257 2772 4350">
     <span class='ocr_line' id='line_1_32' title="bbox 1312 4257 2772 4350; baseline 0.003 -26"><span class='ocrx_word' id='word_1_304' title='bbox 1312 4267 1477 4345; x_wconf 74' lang='grc' dir='ltr'>κοινῇ</span> <span class='ocrx_word' id='word_1_305' title='bbox 1520 4261 1571 4325; x_wconf 81' lang='grc' dir='ltr'>τ’</span> <span class='ocrx_word' id='word_1_306' title='bbox 1626 4267 1903 4344; x_wconf 81' lang='grc' dir='ltr'>ἔπλευσα,</span> <span class='ocrx_word' id='word_1_307' title='bbox 1948 4257 2043 4328; x_wconf 77' lang='grc' dir='ltr'>δεῖ</span> <span class='ocrx_word' id='word_1_308' title='bbox 2080 4287 2154 4350; x_wconf 80' lang='grc' dir='ltr'>με</span> <span class='ocrx_word' id='word_1_309' title='bbox 2200 4266 2314 4328; x_wconf 74' lang='grc' dir='ltr'><strong>καὶ·</strong></span> <span class='ocrx_word' id='word_1_310' title='bbox 2342 4269 2508 4347; x_wconf 70' lang='grc' dir='ltr'>κοινῆ</span> <span class='ocrx_word' id='word_1_311' title='bbox 2551 4272 2772 4329; x_wconf 75' lang='grc' dir='ltr'>θανεῖν.</span> 
     </span>
    </p>

    <p class='ocr_par' dir='ltr' id='par_1_14' title="bbox 474 4376 3824 5074">
     <span class='ocr_line' id='line_1_33' title="bbox 476 4376 3823 4472; baseline 0.003 -31"><span class='ocrx_word' id='word_1_312' title='bbox 476 4376 601 4442; x_wconf 94' lang='lat' dir='ltr'>Hic</span> <span class='ocrx_word' id='word_1_313' title='bbox 641 4379 820 4443; x_wconf 86' lang='lat' dir='ltr'>locus</span> <span class='ocrx_word' id='word_1_314' title='bbox 862 4380 1113 4445; x_wconf 90' lang='lat' dir='ltr'>nullum</span> <span class='ocrx_word' id='word_1_315' title='bbox 1160 4384 1355 4448; x_wconf 88' lang='lat' dir='ltr'>alium</span> <span class='ocrx_word' id='word_1_316' title='bbox 1412 4402 1672 4448; x_wconf 88' lang='lat' dir='ltr'>sensum</span> <span class='ocrx_word' id='word_1_317' title='bbox 1716 4384 2018 4467; x_wconf 87' lang='lat' dir='ltr'>praebere</span> <span class='ocrx_word' id='word_1_318' title='bbox 2072 4391 2281 4469; x_wconf 89' lang='lat' dir='ltr'>potest</span> <span class='ocrx_word' id='word_1_319' title='bbox 2335 4407 2557 4471; x_wconf 89' lang='lat' dir='ltr'>quam:</span> <span class='ocrx_word' id='word_1_320' title='bbox 2628 4405 2775 4450; x_wconf 89' lang='lat' dir='ltr'>nam</span> <span class='ocrx_word' id='word_1_321' title='bbox 2821 4404 2949 4449; x_wconf 88' lang='lat' dir='ltr'>una</span> <span class='ocrx_word' id='word_1_322' title='bbox 2992 4390 3203 4450; x_wconf 86' lang='lat' dir='ltr'>tecum</span> <span class='ocrx_word' id='word_1_323' title='bbox 3248 4390 3312 4449; x_wconf 89' lang='lat' dir='ltr'>ot</span> <span class='ocrx_word' id='word_1_324' title='bbox 3354 4386 3478 4449; x_wconf 88' lang='lat' dir='ltr'>huc</span> <span class='ocrx_word' id='word_1_325' title='bbox 3521 4387 3823 4472; x_wconf 82' lang='lat' dir='ltr'>navigavi</span> 
     </span>
     <span class='ocr_line' id='line_1_34' title="bbox 478 4503 3824 4591; baseline 0.003 -30"><span class='ocrx_word' id='word_1_326' title='bbox 478 4503 538 4562; x_wconf 90' lang='lat' dir='ltr'>et</span> <span class='ocrx_word' id='word_1_327' title='bbox 579 4503 790 4564; x_wconf 86' lang='lat' dir='ltr'>tecum</span> <span class='ocrx_word' id='word_1_328' title='bbox 833 4504 1067 4567; x_wconf 82' lang='lat' dir='ltr'>moriar</span> <span class='ocrx_word' id='word_1_329' title='bbox 1112 4523 1375 4570; x_wconf 87' lang='lat' dir='ltr'>necesse</span> <span class='ocrx_word' id='word_1_330' title='bbox 1421 4512 1534 4569; x_wconf 86' lang='lat' dir='ltr'>est.</span> <span class='ocrx_word' id='word_1_331' title='bbox 1624 4506 1709 4569; x_wconf 84' lang='lat' dir='ltr'>At</span> <span class='ocrx_word' id='word_1_332' title='bbox 1752 4505 2015 4569; x_wconf 88' lang='lat' dir='ltr'>fortasse</span> <span class='ocrx_word' id='word_1_333' title='bbox 2080 4506 2320 4570; x_wconf 83' lang='lat' dir='ltr'>dixeris</span> <span class='ocrx_word' id='word_1_334' title='bbox 2384 4506 2502 4570; x_wconf 91' lang='lat' dir='ltr'>hoc</span> <span class='ocrx_word' id='word_1_335' title='bbox 2562 4507 2702 4571; x_wconf 90' lang='lat' dir='ltr'>loco</span> <span class='ocrx_word' id='word_1_336' title='bbox 2769 4506 2870 4568; x_wconf 82' lang='grc' dir='ltr'>καὶ</span> <span class='ocrx_word' id='word_1_337' title='bbox 2934 4507 3027 4571; x_wconf 85' lang='grc'>810</span> <span class='ocrx_word' id='word_1_338' title='bbox 3091 4510 3463 4591; x_wconf 88' lang='lat' dir='ltr'>usurpatum</span> <span class='ocrx_word' id='word_1_339' title='bbox 3527 4525 3688 4584; x_wconf 86' lang='lat' dir='ltr'>esse,</span> <span class='ocrx_word' id='word_1_340' title='bbox 3752 4511 3824 4571; x_wconf 89' lang='lat' dir='ltr'>ut</span> 
     </span>
     <span class='ocr_line' id='line_1_35' title="bbox 479 4622 3823 4712; baseline 0.002 -27"><span class='ocrx_word' id='word_1_341' title='bbox 479 4622 744 4702; x_wconf 86' lang='lat' dir='ltr'>„otiam“</span> <span class='ocrx_word' id='word_1_342' title='bbox 793 4623 1122 4707; x_wconf 88' lang='lat' dir='ltr'>significet.</span> <span class='ocrx_word' id='word_1_343' title='bbox 1212 4624 1334 4689; x_wconf 85' lang='lat' dir='ltr'>Sed</span> <span class='ocrx_word' id='word_1_344' title='bbox 1400 4627 1552 4690; x_wconf 89' lang='lat' dir='ltr'>haec</span> <span class='ocrx_word' id='word_1_345' title='bbox 1619 4629 1936 4690; x_wconf 85' lang='lat' dir='ltr'>sententia</span> <span class='ocrx_word' id='word_1_346' title='bbox 1998 4626 2388 4690; x_wconf 89' lang='lat' dir='ltr'>confidenter</span> <span class='ocrx_word' id='word_1_347' title='bbox 2446 4627 2808 4712; x_wconf 88' lang='lat' dir='ltr'>repellenda</span> <span class='ocrx_word' id='word_1_348' title='bbox 2852 4630 2949 4691; x_wconf 88' lang='lat' dir='ltr'>est</span> <span class='ocrx_word' id='word_1_349' title='bbox 2988 4631 3239 4712; x_wconf 91' lang='lat' dir='ltr'>propter</span> <span class='ocrx_word' id='word_1_350' title='bbox 3279 4624 3371 4707; x_wconf 82' lang='grc' dir='ltr'>τέ,</span> <span class='ocrx_word' id='word_1_351' title='bbox 3427 4626 3596 4710; x_wconf 92' lang='lat' dir='ltr'>quod</span> <span class='ocrx_word' id='word_1_352' title='bbox 3648 4630 3823 4691; x_wconf 87' lang='lat' dir='ltr'>aute-</span> 
     </span>
     <span class='ocr_line' id='line_1_36' title="bbox 474 4738 3820 4830; baseline 0.002 -26"><span class='ocrx_word' id='word_1_353' title='bbox 474 4741 657 4806; x_wconf 85' lang='lat' dir='ltr'>cedit.</span> <span class='ocrx_word' id='word_1_354' title='bbox 745 4740 950 4827; x_wconf 85' lang='lat' dir='ltr'>Quod,</span> <span class='ocrx_word' id='word_1_355' title='bbox 996 4748 1049 4809; x_wconf 91' lang='lat' dir='ltr'>si</span> <span class='ocrx_word' id='word_1_356' title='bbox 1084 4746 1335 4810; x_wconf 87' lang='lat' dir='ltr'>deesset</span> <span class='ocrx_word' id='word_1_357' title='bbox 1362 4748 1426 4808; x_wconf 90' lang='lat' dir='ltr'>et</span> <span class='ocrx_word' id='word_1_358' title='bbox 1457 4744 1793 4829; x_wconf 88' lang='lat' dir='ltr'>Euripides</span> <span class='ocrx_word' id='word_1_359' title='bbox 1838 4747 2229 4830; x_wconf 87' lang='lat' dir='ltr'>scripsisset:</span> <span class='ocrx_word' id='word_1_360' title='bbox 2277 4749 2537 4810; x_wconf 73' lang='grc' dir='ltr'>ἔπλευσα</span> <span class='ocrx_word' id='word_1_361' title='bbox 2582 4751 2766 4827; x_wconf 74' lang='grc' dir='ltr'>κοινῇ,</span> <span class='ocrx_word' id='word_1_362' title='bbox 2811 4738 2906 4809; x_wconf 81' lang='grc' dir='ltr'>δεῖ</span> <span class='ocrx_word' id='word_1_363' title='bbox 2944 4768 3018 4830; x_wconf 83' lang='grc' dir='ltr'>με</span> <span class='ocrx_word' id='word_1_364' title='bbox 3062 4747 3162 4808; x_wconf 74' lang='grc' dir='ltr'>καὶ</span> <span class='ocrx_word' id='word_1_365' title='bbox 3206 4748 3369 4827; x_wconf 67' lang='grc' dir='ltr'>κοινῇ</span> <span class='ocrx_word' id='word_1_366' title='bbox 3415 4750 3632 4817; x_wconf 77' lang='grc' dir='ltr'>θανεῖν,</span> <span class='ocrx_word' id='word_1_367' title='bbox 3663 4746 3820 4812; x_wconf 88' lang='lat' dir='ltr'>illud</span> 
     </span>
     <span class='ocr_line' id='line_1_37' title="bbox 474 4864 3822 4953; baseline 0.002 -28"><span class='ocrx_word' id='word_1_368' title='bbox 474 4865 576 4926; x_wconf 80' lang='grc' dir='ltr'>καὶ</span> <span class='ocrx_word' id='word_1_369' title='bbox 619 4864 791 4927; x_wconf 87' lang='grc'>1111110</span> <span class='ocrx_word' id='word_1_370' title='bbox 819 4880 1081 4929; x_wconf 85' lang='grc'>8011811111</span> <span class='ocrx_word' id='word_1_371' title='bbox 1112 4864 1342 4932; x_wconf 87' lang='lat' dir='ltr'>habere</span> <span class='ocrx_word' id='word_1_372' title='bbox 1370 4867 1847 4932; x_wconf 87' lang='lat' dir='ltr'>concedendum</span> <span class='ocrx_word' id='word_1_373' title='bbox 1884 4869 2070 4931; x_wconf 88' lang='lat' dir='ltr'>esset.</span> <span class='ocrx_word' id='word_1_374' title='bbox 2128 4868 2189 4932; x_wconf 90' lang='lat' dir='ltr'>N</span> <span class='ocrx_word' id='word_1_375' title='bbox 2195 4888 2340 4951; x_wconf 90' lang='lat' dir='ltr'>unc,</span> <span class='ocrx_word' id='word_1_376' title='bbox 2384 4888 2530 4932; x_wconf 89' lang='lat' dir='ltr'>cum</span> <span class='ocrx_word' id='word_1_377' title='bbox 2572 4869 2736 4934; x_wconf 88' lang='lat' dir='ltr'>adsit</span> <span class='ocrx_word' id='word_1_378' title='bbox 2764 4867 3073 4952; x_wconf 82' lang='lat' dir='ltr'>particula</span> <span class='ocrx_word' id='word_1_379' title='bbox 3098 4889 3188 4946; x_wconf 87' lang='grc' dir='ltr'>τε,</span> <span class='ocrx_word' id='word_1_380' title='bbox 3223 4866 3381 4931; x_wconf 90' lang='lat' dir='ltr'>nihil</span> <span class='ocrx_word' id='word_1_381' title='bbox 3419 4867 3594 4932; x_wconf 88' lang='lat' dir='ltr'>aliud</span> <span class='ocrx_word' id='word_1_382' title='bbox 3623 4868 3822 4953; x_wconf 89' lang='lat' dir='ltr'>signi-</span> 
     </span>
     <span class='ocr_line' id='line_1_38' title="bbox 475 4983 3513 5074; baseline 0.002 -28"><span class='ocrx_word' id='word_1_383' title='bbox 475 4983 661 5049; x_wconf 85' lang='lat' dir='ltr'>ficare</span> <span class='ocrx_word' id='word_1_384' title='bbox 706 4988 934 5068; x_wconf 85' lang='lat' dir='ltr'>potest,</span> <span class='ocrx_word' id='word_1_385' title='bbox 980 5005 1168 5071; x_wconf 88' lang='lat' dir='ltr'>quam</span> <span class='ocrx_word' id='word_1_386' title='bbox 1216 4989 1371 5070; x_wconf 83' lang='lat' dir='ltr'>„et“.</span> <span class='ocrx_word' id='word_1_387' title='bbox 1462 4984 1793 5051; x_wconf 89' lang='lat' dir='ltr'>Habemus</span> <span class='ocrx_word' id='word_1_388' title='bbox 1836 4989 2029 5073; x_wconf 87' lang='lat' dir='ltr'>igitur</span> <span class='ocrx_word' id='word_1_389' title='bbox 2071 4991 2173 5052; x_wconf 79' lang='grc' dir='ltr'>καὶ</span> <span class='ocrx_word' id='word_1_390' title='bbox 2214 4994 2358 5074; x_wconf 89' lang='lat' dir='ltr'>post</span> <span class='ocrx_word' id='word_1_391' title='bbox 2399 4989 2753 5054; x_wconf 88' lang='lat' dir='ltr'>secundum</span> <span class='ocrx_word' id='word_1_392' title='bbox 2800 4987 3178 5053; x_wconf 86' lang='lat' dir='ltr'>vocabulum</span> <span class='ocrx_word' id='word_1_393' title='bbox 3216 4989 3513 5072; x_wconf 86' lang='lat' dir='ltr'>positum.</span> 
     </span>
    </p>

    <p class='ocr_par' dir='ltr' id='par_1_15' title="bbox 809 5106 3819 5200">
     <span class='ocr_line' id='line_1_39' title="bbox 809 5106 3819 5200; baseline 0 -28"><span class='ocrx_word' id='word_1_394' title='bbox 809 5106 957 5172; x_wconf 89' lang='lat' dir='ltr'>Alio</span> <span class='ocrx_word' id='word_1_395' title='bbox 1002 5106 1136 5172; x_wconf 91' lang='lat' dir='ltr'>loco</span> <span class='ocrx_word' id='word_1_396' title='bbox 1182 5108 1454 5173; x_wconf 83' lang='lat' dir='ltr'>dubitari</span> <span class='ocrx_word' id='word_1_397' title='bbox 1495 5128 1687 5195; x_wconf 88' lang='lat' dir='ltr'>posse</span> <span class='ocrx_word' id='word_1_398' title='bbox 1730 5108 1983 5174; x_wconf 80' lang='lat' dir='ltr'>videtur</span> <span class='ocrx_word' id='word_1_399' title='bbox 2024 5109 2101 5174; x_wconf 89' lang='lat' dir='ltr'>de</span> <span class='ocrx_word' id='word_1_400' title='bbox 2146 5110 2558 5175; x_wconf 84' lang='lat' dir='ltr'>collocatione</span> <span class='ocrx_word' id='word_1_401' title='bbox 2611 5109 2903 5176; x_wconf 88' lang='lat' dir='ltr'>liberiore</span> <span class='ocrx_word' id='word_1_402' title='bbox 2959 5109 3151 5173; x_wconf 89' lang='lat' dir='ltr'>huius</span> <span class='ocrx_word' id='word_1_403' title='bbox 3199 5110 3564 5197; x_wconf 86' lang='lat' dir='ltr'>particulae.</span> <span class='ocrx_word' id='word_1_404' title='bbox 3651 5107 3819 5200; x_wconf 87' lang='lat' dir='ltr'>Iphi-</span> 
     </span>
    </p>
   </div>
   <div class='ocr_carea' id='block_1_3' title="bbox 4579 48 4580 608">
    <p class='ocr_par' dir='ltr' id='par_1_16' title="bbox 4579 48 4580 608">
     <span class='ocr_line' id='line_1_40' title="bbox 4579 48 4580 608; baseline 0 0"><span class='ocrx_word' id='word_1_405' title='bbox 4579 48 4580 608; x_wconf 95' lang='lat' dir='ltr'> </span> 
     </span>
    </p>
   </div>
   <div class='ocr_carea' id='block_1_4' title="bbox 4577 2425 4582 3146">
    <p class='ocr_par' dir='ltr' id='par_1_17' title="bbox 4577 2425 4582 3146">
     <span class='ocr_line' id='line_1_41' title="bbox 4577 2425 4582 3146; baseline 0 0"><span class='ocrx_word' id='word_1_406' title='bbox 4577 2425 4582 3146; x_wconf 95' lang='lat' dir='ltr'> </span> 
     </span>
    </p>
   </div>
   <div class='ocr_carea' id='block_1_5' title="bbox 4577 3829 4582 4802">
    <p class='ocr_par' dir='ltr' id='par_1_18' title="bbox 4577 3829 4582 4802">
     <span class='ocr_line' id='line_1_42' title="bbox 4577 3829 4582 4802; baseline 0 0"><span class='ocrx_word' id='word_1_407' title='bbox 4577 3829 4582 4802; x_wconf 95' lang='lat' dir='ltr'> </span> 
     </span>
    </p>
   </div>
   <div class='ocr_carea' id='block_1_6' title="bbox 4577 3829 4582 5130">
    <p class='ocr_par' dir='ltr' id='par_1_19' title="bbox 4577 3829 4582 5130">
     <span class='ocr_line' id='line_1_43' title="bbox 4577 3829 4582 5130; baseline 0 0"><span class='ocrx_word' id='word_1_408' title='bbox 4577 3829 4582 5130; x_wconf 95' lang='lat' dir='ltr'> </span> 
     </span>
    </p>
   </div>
   <div class='ocr_carea' id='block_1_7' title="bbox 4577 3829 4583 5630">
    <p class='ocr_par' dir='ltr' id='par_1_20' title="bbox 4577 3829 4583 5630">
     <span class='ocr_line' id='line_1_44' title="bbox 4577 3829 4583 5630; baseline 0 0"><span class='ocrx_word' id='word_1_409' title='bbox 4577 3829 4583 5630; x_wconf 95' lang='lat' dir='ltr'> </span> 
     </span>
    </p>
   </div>
  </div>
 </body>
</html>
