4609 5692
1942 416 2238 489 —⁴29
2375 457 2433 474 -0

2360 620 2530 695 ἡλίου
2576 616 2778 711 φλόγα

1360 754 1536 812 καλῶ·
1544 775 1570 824 ς
1614 740 1901 836 φυλάξας,
1942 741 2082 811 οὔτε
2125 741 2266 834 πρὸς
2310 744 2494 832 μέσας
2538 739 2736 827 βολὰς,

1357 868 1603 945 ἀκτῖνας
1646 864 1789 933 οὔτ’
1847 862 1921 931 αὖ
1966 845 2113 956 πρὸς.
2150 858 2531 941 τελευτώσας
2570 867 2720 929 λίαν.

515 992 639 1055 Hie
683 995 827 1075 post
871 986 1054 1073 βολὰς
1096 991 1674 1075 interpungendum
1718 994 1831 1053 est.
1920 987 2287 1054 Tentorium
2321 991 2532 1074 igitur,
2573 987 2739 1073 quod
2771 986 2886 1050 Ion
2919 988 3228 1071 aedificat,
3282 990 3374 1051 sie
3405 990 3771 1069 exstruitur,
3804 991 3872 1051 ut

516 1132 729 1196 neque
787 1112 866 1176 ad
918 1113 1249 1176 meridiem
1310 1131 1524 1196 neque
1579 1111 1656 1174 ad
1720 1110 2113 1179 occidentem
2173 1114 2424 1195 spectet.
2526 1108 2987 1192 Coniungenda
3041 1109 3236 1192 igitur
3289 1108 3484 1173 verba
3540 1103 3679 1171 οὔτε
3732 1102 3873 1195 πρὸς

520 1230 704 1315 μέσας
747 1227 928 1313 βολὰς
971 1236 1034 1295 et
1077 1229 1319 1306 ἀκτῖνας
1372 1224 1490 1294 οὔτ’
1562 1222 1637 1293 αὖ
1696 1224 1835 1317 πρὸς
1892 1223 2290 1304 τελευτώσας.
2383 1230 2551 1293 Falsi
2616 1229 2773 1292 mihi
2832 1230 3026 1313 igitur
3076 1231 3135 1293 ei
3189 1230 3509 1311 videntur,
3560 1231 3666 1311 qui
3724 1248 3868 1291 cum

516 1352 873 1435 Hartungio
918 1349 1154 1425 ἀκτῖνος
1198 1372 1313 1435 pro
1358 1349 1598 1426 ἀκτῖνας
1642 1350 1943 1428 scribunt,
1991 1370 2071 1415 ne
2116 1351 2440 1414 collocatio
2483 1349 2828 1433 particulae
2874 1350 3230 1413 offenderet.
3317 1349 3480 1413 Nam
3512 1342 3653 1412 οὔτε
3682 1350 3866 1414 etiam

517 1473 831 1537 interdum
879 1472 1160 1536 seeundo
1204 1472 1340 1536 loco
1386 1474 1540 1555 poni
1582 1471 1876 1555 exempla
1921 1475 2107 1535 antea
2152 1470 2335 1534 allata
2380 1471 2530 1533 satis
2571 1470 2812 1553 docent.

855 1592 1038 1657 Unus
1081 1596 1273 1657 restat
1317 1593 1512 1670 losuS,
1558 1610 1747 1676 quem
1789 1592 1945 1655 mihi
1988 1595 2347 1655 extremum
2385 1608 2858 1674 proposueram,
2902 1608 3130 1653 versus
3175 1589 3470 1654 Electrae
3516 1591 3668 1654 609:

1354 1706 1425 1774 σὺ
1467 1704 1518 1773 δ’
1542 1735 1556 1750 ·
1603 1714 1672 1773 ἐκ
1716 1704 1958 1798 βάθρων
1998 1706 2111 1798 γὰρ
2155 1716 2269 1787 πᾶς
2312 1703 2610 1798 ἀνῄρησαι,
2657 1710 2848 1795 φίλοις

1359 1822 1484 1894 οὐδ’
1547 1831 1900 1906 ἐλλέλοιπας
1944 1823 2134 1893 ἐλπίδ’
2167 1853 2179 1867 ·
2222 1835 2355 1894 ἴσθι
2398 1854 2511 1917 μου
2555 1822 2756 1892 κλύων

519 1949 698 2014 Haec
734 1952 1072 2036 respondet
1101 1970 1324 2033 seneX,
1356 1953 1466 2036 qui
1499 1950 1788 2017 Orestem
1820 1954 2120 2016 infantem
2158 1953 2454 2033 servavit,
2486 1950 2693 2015 Oresti
2724 1952 3076 2035 quaerenti,
3107 1948 3258 2033 quid
3281 1949 3485 2031 faeiat,
3532 1953 3603 2015 ut
3643 1952 3871 2035 Aegis-

520 2071 699 2134 thum
747 2072 1100 2136 uleiscatur.
1192 2069 1550 2154 Quaeritur,
1614 2092 1770 2136 num
1834 2071 2212 2136 vocabulum
2284 2072 2475 2158 φίλοις
2538 2091 2683 2135 eum
2729 2074 2846 2153 eiS,
2891 2042 3053 2155 quae
3098 2070 3500 2151 antecedunt,
3564 2071 3867 2154 coniungi

517 2192 730 2275 possit.
830 2190 995 2268 Quid
1040 2196 1253 2256 autem
1300 2193 1658 2276 significare
1700 2196 1887 2276 putas
1931 2192 2214 2256 dativum
2258 2193 2449 2278 φίλοις
2493 2211 2638 2255 cum
2683 2181 2966 2277 ἀνῄρησαι
3010 2190 3463 2254 coniunctum?
3550 2193 3656 2254 An
3699 2189 3867 2253 idem

516 2272 866 2395 esYFqnod
919 2305 1031 2374 ὑπὸ
1089 2316 1214 2373 τῶν
1274 2311 1509 2397 φίλωνΡ
1594 2315 1682 2376 At
1740 2313 1803 2377 id
1846 2313 2036 2396 plane
2079 2332 2454 2395 perversum
2511 2316 2697 2377 esset.
2784 2311 3012 2395 Neque
3055 2310 3337 2375 dativum
3395 2310 3671 2374 ethicum
3724 2328 3867 2373 esse

462 2398 483 2415 ο
519 2431 726 2495 dicere
791 2433 1044 2514 poteris.
1135 2432 1692 2516 Simplicissimum
1735 2434 1853 2496 erit
1892 2433 2082 2518 φίλοις
2125 2432 2203 2496 ad
2251 2432 2606 2505 ἐλλέλοιπας
2658 2451 2977 2513 revocare,
3042 2432 3129 2495 ita
3183 2434 3254 2495 ut
3314 2448 3546 2494 sensus
3610 2430 3862 2495 evadat:

518 2548 615 2614 Tu
651 2554 861 2614 autem
890 2552 1278 2617 ——funditus
1325 2556 1497 2618 enim
1545 2572 1811 2617 eversus
1857 2572 1926 2616 es
1973 2572 2183 2638 neque
2225 2555 2448 2617 amieis
2495 2571 2672 2637 spem
2718 2553 3034 2637 reliquisti
3081 2589 3157 2598 —
3207 2552 3484 2636 peruade
3527 2550 3662 2633 tibi,
3706 2553 3773 2614 in
3804 2555 3867 2615 te

517 2670 651 2733 solo
698 2690 879 2753 spem
926 2674 1103 2756 regni
1149 2675 1332 2757 patrii
1377 2674 1726 2756 recipiendi
1772 2675 2040 2757 positam
2076 2692 2236 2736 esse.
2327 2672 2551 2757 Itaque
2593 2673 2750 2736 mihi
2795 2672 3025 2736 melius
3069 2672 3340 2754 videtur,
3405 2675 3547 2755 post
3587 2661 3869 2757 ἀνῇρησαι

518 2791 968 2875 interpungere
1012 2796 1075 2855 et
1118 2792 1593 2858 collocationem
1634 2794 1980 2877 particulae
2040 2784 2180 2855 οὐδέ
2234 2792 2595 2857 liberiorem
2651 2812 2779 2857 non
2834 2812 3156 2876 respuere.
3247 2791 3422 2856 Haec
3478 2796 3651 2874 sunt,
3703 2811 3867 2877 quae

516 2911 594 2974 de
638 2912 1047 2976 collocatione
1090 2912 1384 2979 liberiore
1428 2914 1877 2996 particularum
1925 2911 2014 2996 τὲ,
2059 2913 2177 2995 καί,
2223 2906 2387 2994 οὔτε,
2432 2904 2573 2975 οὐδὲ
2617 2913 2837 2977 afferre
2883 2912 3190 2977 volebam.
3282 2913 3423 2978 Scio
3451 2911 3730 2995 perbene
3764 2932 3866 2978 me

516 3053 648 3096 non
696 3034 909 3097 omnia
963 3033 1154 3095 huius
1207 3031 1521 3097 liberioris
1580 3054 1740 3099 usus
1800 3035 2097 3119 exempla
2147 3054 2229 3097 ex
2284 3034 2587 3118 Euripide
2642 3035 2931 3099 attulisse
2987 3038 3176 3119 atque
3235 3054 3609 3119 persuasum
3665 3034 3866 3100 habeo

518 3154 707 3216 etiam
753 3153 935 3236 plura
980 3156 1044 3217 et
1087 3151 1350 3216 meliora
1395 3154 1693 3238 exempla
1738 3174 1927 3239 quam
1975 3174 2138 3238 quae
2185 3157 2508 3238 proposui,
2550 3156 2824 3218 inveniri
2867 3175 3076 3239 posse.
3180 3158 3266 3219 At
3309 3176 3404 3238 ea,
3457 3172 3621 3239 quae
3666 3156 3867 3234 attuli,

514 3273 811 3355 exempla
889 3273 1187 3336 videntur
1262 3274 1416 3336 mihi
1501 3274 1975 3357 demonstrare,
2064 3276 2174 3339 has
2254 3276 2594 3359 particulas
2668 3277 2983 3341 interdurn
3060 3276 3137 3341 ab
3205 3276 3507 3361 Euripide
3574 3277 3866 3342 liberiore

517 3393 702 3456 modo
747 3393 1082 3457 collocatos
1128 3412 1291 3458 esse.
1383 3394 1564 3472 Quod
1611 3398 1667 3460 si
1708 3397 1865 3459 viris
1908 3396 2108 3460 doctis
2151 3414 2553 3478 persuasere,
2599 3398 2784 3462 valde
2825 3398 3117 3462 laetabor.
3211 3395 3333 3462 Sed
3399 3418 3528 3462 non
3573 3399 3639 3460 in
3682 3398 3866 3462 Euri-

514 3513 659 3597 pide
706 3514 1187 3577 consistondum
1232 3518 1344 3580 est.
1430 3514 1891 3600 Inquirendum
1924 3519 2042 3581 erit
2085 3518 2274 3581 etiam
2320 3518 2384 3579 in
2429 3520 2675 3582 ceteros
2718 3521 2956 3603 poetaS,
3003 3538 3166 3603 quos
3213 3520 3325 3584 hac
3357 3519 3641 3583 libertate
3673 3518 3866 3583 absti-

516 3634 738 3696 nuisse
783 3653 911 3696 non
959 3634 1344 3699 eredendum
1393 3639 1505 3698 est.
1591 3635 1755 3699 Nam
1802 3652 1882 3702 ex
1930 3637 2038 3702 tali
2083 3638 2498 3721 inquisitione
2545 3658 2662 3701 uos
2702 3637 2870 3701 haud
2912 3658 3183 3722 parvum
3227 3641 3497 3703 fructum
3539 3640 3616 3703 ad
3647 3643 3864 3724 poetas

514 3757 578 3815 et
639 3754 1141 3836 interpretandos
1196 3759 1258 3820 et
1321 3760 1451 3821 arte
1503 3760 1717 3822 critica
1773 3760 2163 3823 exercendos
2222 3766 2633 3842 percepturos
2689 3778 2833 3823 esse
2902 3777 3154 3825 summa
3217 3781 3364 3826 cum
3429 3760 3864 3846 probabilitate

517 3873 904 3955 sperandum
949 3878 1061 3943 est.
2551 3868 2556 3875 ⁴
