4609 5692
1992 469 2427 536 -7..

877 678 1073 743 Andr.
1127 679 1262 742 149.
1311 679 1408 741 50.

1462 794 1530 859 οὗ
1573 801 1715 859 τῶν
1750 795 2152 883 Ἀχιλλέως
2195 790 2368 862 οὐδὲ
2411 797 2718 872 Πηλέως
2762 791 2899 860 ἄπο

1460 907 1498 977 ὃ
1511 905 1547 977 ο’
1567 939 1715 1001 μων
1757 910 2029 1003 ἀπαρχὰς
2071 909 2216 1004 δεῦρ’
2272 913 2455 1004 ἔχους’
2511 906 2829 1003 ἀφικόμην.

539 1038 679 1103 Hoc
713 1039 850 1103 loco
896 1056 1025 1100 non
1068 1035 1331 1110 Πηλέως
1375 1037 1582 1101 66111111
1628 1055 1776 1101 611111
1820 1030 1937 1100 ἄπο
1983 1038 2501 1123 coniungendam
2546 1042 2662 1120 est,
2707 1037 2818 1102 sed
2865 1040 2957 1102 sic
2998 1038 3538 1124 intellegendum:
3612 1041 3722 1106 οὐκ
3765 1042 3884 1108 ἀπο

538 1163 666 1222 τῶν
719 1156 1043 1244 Ἀχιλλέως
1108 1148 1248 1219 οὐδὲ
1307 1146 1427 1219 ἀπὸ
1490 1160 1616 1219 τῶν
1680 1156 1942 1232 Πηλέως
2005 1148 2240 1244 δόμων,
2309 1161 2432 1241 ita,
2495 1163 2565 1222 ut
2605 1158 2888 1242 genetivi
2932 1177 3044 1240 pro
3099 1158 3426 1224 adiectivis
3471 1169 3883 1256 usurpentur·

544 1278 829 1343 Fortasse
873 1263 997 1342 huc
1038 1276 1407 1341 referendus
1450 1281 1547 1340 est
1588 1275 1767 1340 locus
1809 1273 2008 1341 Rhesi
2052 1278 2207 1341 mihi
2252 1276 2509 1362 quidem
2554 1276 2788 1341 dubius
2833 1298 2891 1339 v,
2941 1275 3062 1340 397
3110 1279 3172 1341 et
3211 1279 3309 1345 98.

1373 1386 1577 1475 πάλαι,
1619 1387 1808 1458 πάλαι
1848 1399 1995 1482 χρῆν
2034 1388 2184 1478 -ι-ῇδε
2227 1388 2580 1482 συγκάμνειν
2620 1397 2801 1481 χθονὶ

1373 1506 1640 1578 ἐλθόντα
1682 1517 1782 1577 καὶ
1826 1509 1907 1601 μὴ
1933 1512 2109 1578 τούπὶ
2152 1512 2198 1578 σ’
2226 1512 2580 1603 Ἀργείων
2624 1514 2759 1581 ὕπο

1373 1636 1590 1723 Τροίαν
1632 1637 1805 1699 ἐᾶσαι
1847 1636 2222 1721 πολεμίων
2263 1647 2459 1700 πεσεῖν
2501 1628 2659 1722 δορὶ
2699 1639 2800 1721 (P).

537 1757 660 1823 His
702 1758 1015 1844 exemplis
1051 1760 1388 1842 propositis
1434 1763 1646 1824 nostro
1690 1759 1827 1823 loco
1872 1757 2029 1822 illud
2071 1758 2300 1821 ἵππειον
2353 1757 2510 1844 μέτα
2538 1768 2557 1836 n
2587 1752 2793 1843 ὄχημα
2837 1760 2992 1822 1111111
3049 1757 3238 1824 habet
3291 1759 3681 1825 offensionis,
3772 1759 3874 1827 Me

541 1879 745 1962 magis
790 1878 1046 1942 offendit
1087 1899 1145 1940 v,
1192 1878 1271 1940 65
1314 1886 1474 1951 τοῖος
1517 1882 1733 1961 utpote
1798 1877 1966 1962 quod
2032 1879 2224 1944 nimis
2268 1878 2458 1962 longe
2501 1897 2539 1941 a
2578 1879 2949 1943 correlativo
2993 1883 3349 1964 separatum
3395 1881 3493 1945 sit.
3583 1879 3878 1967 Propono

542 1997 946 2063 scribendum
977 1991 1205 2071 ἄλλος
1230 1996 1498 2084 Φέρητος
1533 1995 1641 2061 εἶσι
1663 1993 1805 2086 πρὸς
1844 1990 2064 2085 δόμους
2107 1994 2247 2085 ἀνὴρ
2280 1999 2505 2083 Apollo
2535 1999 2728 2083 igitur
2756 1998 2930 2063 dicit:
2963 1998 3061 2065 Tu
3091 2002 3423 2083 concedes,
3447 2002 3617 2085 quod
3651 2021 3874 2087 negaS,

543 2119 832 2202 quamvis
875 2117 1146 2183 crudelis
1193 2119 1302 2202 616,
1365 2119 1529 2183 alius
1577 2120 1815 2201 veniet,
1882 2123 1946 2184 et
2000 2118 2114 2183 tibi
2178 2120 2341 2184 hanc
2381 2120 2683 2188 feminam
2730 2121 2965 2204 eripiet.
3073 2118 3299 2205 Neque
3342 2120 3420 2184 ab
3470 2123 3646 2186 omni
3691 2122 3875 2187 dubi-

539 2239 773 2304 tatione
817 2243 1085 2323 excepta
1128 2240 1424 2304 videntur
1480 2239 1674 2304 verba
1724 2249 1973 2324 γυναῖκα
2015 2231 2193 2309 τήνδε
2252 2260 2311 2302 v.
2362 2241 2473 2321 69,
2539 2259 2684 2305 cum
2747 2215 2980 2305 femina
3045 2260 3255 2325 neque
3299 2243 3366 2306 in
3409 2260 3642 2307 scaena
3685 2244 3872 2328 adsit,

540 2376 750 2444 neque
792 2360 984 2444 paulo
1027 2364 1174 2425 ante
1216 2362 1538 2425 nominata
1579 2361 1680 2443 sit,
1744 2365 1814 2424 111
1856 2379 1932 2424 66
1975 2379 2323 2444 pronomen
2384 2350 2563 2426 τήνδε
2605 2355 2903 2425 revocare
2949 2361 3287 2444 possimus.
3383 2360 3674 2426 Fortasse
3719 2364 3872 2427 scri-

539 2477 817 2544 bendum
855 2482 1003 2564 erit,
1064 2472 1272 2558 τοῦὸε,
1338 2481 1508 2566 quod
1550 2480 1627 2544 ad
1668 2481 2013 2545 Admetum
2055 2483 2344 2566 proximo
2390 2499 2579 2545 versu
2624 2484 3181 2545 commemoratum
3223 2480 3650 2545 revocandum
3683 2487 3870 2547 esset.

536 2598 676 2664 Hoc
719 2605 929 2666 autem
969 2602 1106 2666 loco
1152 2621 1277 2665 non
1322 2602 1851 2687 praetereundum
1920 2601 2076 2665 mihi
2130 2620 2273 2666 esse
2317 2601 2594 2682 videtur,
2658 2600 2827 2684 quod
2890 2601 3131 2684 primus
3198 2599 3476 2666 Jennius
3532 2605 3756 2686 (progr.
3803 2623 3866 2665 ν.

536 2718 940 2804 Frauenfeld,
1012 2723 1199 2805 1868)
1264 2723 1481 2788 statuit
1499 2769 1514 2794 ,
1584 2741 1842 2786 versum
1911 2697 2049 2786 509Ρ
2075 2720 2382 2786 Hecubae
2435 2717 2869 2805 Ἀγαμέμνονος
2927 2716 3273 2805 πέμψαντος
3342 2711 3392 2780 ὦ
3436 2710 3629 2805 γύναι,
3704 2719 3867 2805 μέτα

537 2840 820 2922 ineptum
879 2845 942 2906 et
981 2842 1319 2907 confictum
1362 2862 1506 2908 esse
1565 2862 1649 2906 611
1714 2863 1774 2905 v,
1821 2841 1900 2904 66
1969 2845 2217 2906 11661166
2261 2841 2529 2908 fabulae.
2617 2839 2797 2904 Certe
2859 2838 2977 2902 hoc
3042 2839 3239 2904 multo
3309 2838 3702 2922 probabilius
3746 2844 3864 2920 est,

541 2977 730 3042 quam
764 2959 849 3042 id,
895 2961 1064 3044 quod
1104 2961 1309 3026 Whel.
1354 2963 1606 3044 statuit,
1651 2965 1899 3026 nostros
1941 2980 2166 3026 versus
2232 2980 2319 3025 ex
2360 2959 2701 3025 Alcestidis
2744 2958 3035 3026 versibus
3079 2960 3198 3024 481
3226 3008 3242 3041 ,
3306 2958 3430 3023 483
3473 2958 3655 3025 fictos
3699 2978 3873 3029 6666.

538 3078 604 3144 Si
647 3081 804 3146 illud
848 3102 1072 3149 verum
1116 3088 1233 3166 est,
1270 3087 1435 3148 certe
1480 3085 1679 3147 nostri
1724 3102 1951 3147 versus
1995 3084 2263 3168 genuini
2308 3085 2475 3146 sunt.

868 3204 1001 3270 Iam
1046 3205 1126 3270 ad
1168 3223 1548 3288 responsum
1593 3201 1737 3267 Orci
1767 3202 2137 3266 accedamus
2185 3221 2237 3262 v.
2285 3200 2553 3283 72-76,
2598 3202 2709 3284 qui
2753 3200 3049 3265 audiunt:

1204 3316 1372 3387 πόλλ’
1423 3319 1497 3386 ἂν
1538 3317 1607 3385 σὺ
1653 3313 1832 3396 λέξας
1871 3312 2042 3384 οὐδὲν
2083 3315 2155 3381 ἂν
2189 3318 2373 3382 πλέον
2414 3310 2621 3400 λάβοις

1203 3437 1241 3514 ἦ
1286 3436 1337 3506 δ’
1393 3433 1494 3506 οὖν
1525 3436 1671 3528 γυνὴ
1716 3431 1978 3502 κάτεισιν
2021 3444 2101 3513 εἰς
2143 3429 2330 3501 Αἴδου
2371 3429 2608 3526 δόμους.

1204 3565 1427 3651 στείχω
1469 3556 1521 3625 δ’
1571 3560 1656 3626 ἐπ’
1706 3557 1894 3625 otor->v
1936 3554 2019 3636 ὡς
2052 3551 2446 3649 κατάρξωμαι
2493 3553 2664 3649 ξίφει.

1203 3678 1350 3772 ἱερὸς
1394 3677 1506 3771 γὰρ
1548 3672 1722 3757 οὗτος
1762 3687 1889 3745 τῶν
1927 3675 2091 3743 κατὰ
2129 3677 2356 3767 χθονὸς
2397 3687 2562 3745 θεῶν
2913 3685 2992 3748 75

1198 3802 1343 3869 ὅτου
1381 3795 1511 3867 τόδ’
1564 3807 1743 3890 ἔγχος
1782 3796 1999 3891 κρατὸς
2041 3795 2247 3888 ἁγνίσῃ
2287 3802 2482 3889 τρίχα.

530 3923 635 3989 Ex
672 3925 773 3990 his
828 3924 1122 3992 versibus
1188 3930 1316 3990 tres
1376 3925 1632 3989 ultimos
1701 3923 1782 3988 74
1822 3962 1857 3970 -
1887 3925 1965 3987 76
2023 3922 2161 3988 Wh.
2223 3927 2626 4009 interpolatos
2689 3944 2834 3990 esse
2897 3926 3238 3990 existimat.
3327 3925 3538 3991 Unam
3610 3932 3859 3994 tantum

533 4066 789 4112 causam
836 4048 1186 4113 sententiae
1230 4064 1386 4112 suae
1421 4046 1625 4126 affert3
1683 4048 1860 4130 putat
1902 4045 2075 4108 enim
2118 4043 2276 4108 illud
2319 4034 2760 4130 κατάρχεσθαι,
2815 4044 2984 4129 quod
3028 4045 3148 4109 hoc
3195 4045 3334 4109 loco
3380 4043 3614 4136 Orcum
3655 4047 3861 4114 facere

532 4169 853 4232 volentem
895 4166 1235 4250 Euripides
1275 4166 1539 4249 inducit,
1578 4183 1888 4249 pugnare
1926 4183 2071 4228 cum
2134 4164 2361 4228 ceteris
2405 4162 2654 4229 fabulae
2703 4165 2886 4244 locis3
2947 4183 3096 4229 nam
3138 4165 3207 4229 in
3248 4165 3457 4231 media
3496 4168 3703 4249 prima
3747 4187 3865 4233 ex-

532 4292 730 4353 trema
791 4286 1006 4353 fabula
1056 4291 1307 4372 poetam
1352 4286 1636 4351 voluisse
1679 4285 1743 4349 id
1796 4303 2000 4348 unum
2042 4282 2185 4348 Orci
2213 4282 2492 4348 officium
2550 4302 2695 4349 esse
2739 4284 3121 4349 Alcestidem
3187 4284 3307 4349 sub
3354 4291 3581 4352 terram
3628 4286 3863 4353 ducere

533 4407 634 4491 (cf.
678 4409 759 4471 25
803 4411 866 4471 et
908 4408 1031 4470 259
1075 4407 1278 4491 seqq.)
1322 4408 1388 4471 in
1434 4407 1553 4471 1166
1596 4424 1725 4470 11116
1772 4404 1911 4468 1666
1952 4402 2232 4468 officium
2277 4402 2423 4468 Orci
2466 4423 2728 4488 prorsus
2771 4403 2944 4468 6111111
2986 4422 3131 4469 6666
3174 4404 3397 4470 videri.
3482 4403 3680 4471 Recto
3721 4409 3862 4492 qui·

531 4528 677 4593 dem
719 4528 871 4593 dicit
912 4528 1055 4593 Wh.
1102 4526 1336 4592 Orcum
1380 4526 1635 4601 adesse,
1699 4530 1768 4589 ut
1810 4524 2197 4588 Alcestidem
2255 4524 2334 4587 ad
2377 4524 2610 4588 inferos
2652 4524 2875 4605 ducat3
2943 4525 3085 4608 sed,
3145 4530 3215 4590 ut
3275 4526 3394 4592 hoc
3457 4524 3598 4591 fieri
3642 4529 3862 4612 possit,

529 4670 794 4717 necesse
839 4655 935 4715 est
978 4653 1047 4715 111
1090 4649 1326 4714 femina
1361 4648 1500 4713 deis
1564 4647 1784 4711 inferis
1850 4649 2277 4727 consecretur,
2338 4643 2401 4708 id
2463 4644 2628 4729 quod
2691 4648 2876 4730 poeta
2935 4644 3169 4711 Orcum
3215 4645 3435 4710 eadem
3480 4647 3862 4713 caerimonia

529 4773 731 4838 facere
773 4772 1093 4837 volentem
1138 4769 1414 4851 inducit,
1475 4788 1602 4853 qua
1643 4769 1710 4830 in
1775 4765 2072 4832 omnibus
2117 4766 2314 4829 sacris
2360 4764 2776 4829 sollemnibus
2817 4767 2910 4830 uti
2954 4765 3242 4831 solebant
3290 4765 3555 4850 Graeci,
3611 4785 3695 4831 sc.
3740 4770 3861 4833 cri-

530 4893 812 4959 minibus
880 4891 1192 4958 secandis.
1296 4889 1524 4974 Neque
1567 4891 1815 4972 poetam
1858 4887 2217 4969 vituperare
2261 4902 2631 4967 possemus,
2697 4886 2753 4948 si
2816 4884 2997 4967 hanog
3042 4887 3490 4951 caerimoniam
3555 4887 3857 4954 facturam

529 5031 671 5078 esse
714 5014 902 5078 modo
945 5011 1384 5097 praedixisset,
1415 5014 1485 5074 ut
1530 5013 1741 5072 nostro
1784 5008 1922 5070 loco
1962 5006 2049 5069 fit.
2136 5008 2220 5067 At
2262 5003 2571 5068 habemus
2614 5006 3038 5070 certissimum
3069 5007 3544 5092 documentum,
3586 5028 3701 5074 cur
3738 5009 3858 5074 hoc

527 5152 596 5199 re
630 5152 783 5198 vera
823 5134 1057 5200 factum
1093 5150 1236 5199 esse
1278 5130 1631 5216 putandum
1674 5128 1794 5209 sit,
1867 5127 2159 5211 quamvis
2204 5144 2324 5188 nor
2831 5146 2903 5190 oc
2945 5129 3277 5194 facientem
3323 5128 3556 5194 Orcum
3599 5129 3860 5194 inducat
