4609 5692
2304 374 2822 445 —24-

2493 602 2573 667 ΙΙ.

1088 770 1199 843 De
1254 769 1711 843 collocatione
1762 766 2289 863 particularum
2316 765 2415 855 τέ,
2469 762 2616 854 καί,
2675 764 2864 855 οὔτε,
2920 760 3106 838 οὐδέ
3149 765 3224 839 in
3278 765 3540 841 fabulis
3592 765 4018 863 Euripideis.

1194 943 1575 1008 Particulam
1619 942 1709 1021 τέ,
1757 962 1921 1027 quae
1974 943 2079 1006 vel
2132 944 2293 1008 duas
2338 946 2632 1007 notiones
2689 943 2794 1007 vel
2847 942 2975 1007 duo
3030 947 3357 1010 enuntiata
3413 946 3801 1029 coniungere
3862 943 4052 1024 solet,
4117 944 4227 1006 aut

854 1066 998 1149 post
1032 1065 1096 1128 id
1141 1064 1409 1129 verbum
1441 1066 1648 1128 statim
1682 1065 1855 1148 poni,
1901 1064 2069 1148 quod
2113 1083 2257 1128 cum
2279 1064 2692 1128 antecedente
2720 1063 2916 1128 verbo
2953 1065 3304 1147 coniungit,
3333 1068 3444 1128 aut
3474 1066 3619 1148 post
3645 1064 3921 1147 primum
3955 1061 4224 1126 verbum

857 1186 1191 1266 enuntiati,
1235 1184 1404 1268 quod
1449 1183 1756 1267 adiungit,
1800 1186 1973 1269 poni,
2018 1186 2422 1248 notissimum
2477 1190 2588 1248 est.
2672 1186 2761 1248 At
2801 1185 2869 1247 in
2914 1183 3255 1269 tragoediis
3296 1186 3543 1268 graecis
3612 1184 3921 1247 nonnulla
3975 1184 4226 1246 inveni-

855 1306 1053 1367 untur
1074 1304 1394 1386 exempla,
1431 1301 1668 1387 quibus
1704 1303 1904 1366 multo
1950 1302 2310 1367 liberiorem
2357 1304 2549 1367 huius
2594 1303 2936 1387 particulae
2982 1302 3456 1368 collocationem
3502 1323 3540 1367 a
3581 1303 3788 1386 poetis
3831 1303 4086 1386 tragicis
4118 1301 4227 1366 ad-

857 1425 1123 1487 missam
1169 1440 1312 1485 esse
1355 1421 1605 1506 probari
1651 1424 1868 1507 possit.
1959 1420 2165 1504 Quod,
2211 1442 2603 1506 quamquam
2636 1444 2685 1487 >a
2728 1425 2884 1487 viris
2924 1423 3125 1487 doctis
3169 1424 3238 1486 in
3295 1425 3674 1487 universum
3721 1425 3889 1486 recte
3942 1420 4227 1485 animad-

856 1561 1116 1606 versum
1163 1561 1309 1606 esse
1354 1542 1707 1626 putandum
1751 1545 1869 1623 est,
1918 1545 2129 1606 tamen
2175 1542 2402 1625 adhuc,
2448 1547 2753 1626 quantum
2803 1545 2957 1625 scie,
3000 1561 3213 1626 neque
3258 1543 3324 1606 in
3368 1541 3797 1626 grammaticis
3851 1539 4069 1622 libris,
4114 1542 4227 1624 qui

856 1664 1185 1743 vocantur,
1229 1680 1438 1745 neque
1481 1662 1637 1725 alias
1681 1663 1870 1725 certis
1911 1662 2226 1745 exemplis
2273 1662 2713 1727 confirmatum
2758 1682 2902 1726 esse
2946 1662 3151 1725 video,
3239 1660 3461 1745 Itaque
3509 1661 3626 1725 hac
3671 1658 3990 1724 scribendi
4049 1677 4228 1723 occa-

858 1783 1039 1844 sione
1086 1780 1295 1846 oblata
1316 1782 1629 1846 nonnulla
1672 1782 1865 1845 huius
1911 1799 2070 1844 usus
2115 1782 2431 1865 exempla,
2475 1801 2640 1865 quae
2692 1783 2849 1846 mihi
2891 1783 2959 1845 in
3010 1781 3279 1866 legendo
3313 1780 3619 1864 Euripide
3660 1784 4048 1861 notaveram,
4077 1797 4227 1843 con-

856 1918 1076 1983 gerere
1124 1902 1443 1965 constitui.
1696 1872 1703 1877 ’
4193 1888 4200 1897 ’

1192 2018 1507 2085 Particula
1547 2022 1741 2104 igitur
1780 2019 1853 2082 τέ
1899 2023 2157 2104 saepius
2203 2025 2349 2105 post
2393 2021 2748 2086 secundum
2798 2020 2901 2085 vel
2945 2023 3199 2086 tertium
3246 2021 3348 2084 vel
3396 2022 3692 2104 quartum
3751 2018 4017 2083 verbum
4076 2019 4228 2082 novi

857 2140 1170 2203 enuntiati
1215 2140 1490 2224 ponitur.
1581 2137 2005 2204 Luculentum
2055 2141 2424 2225 exemplum
2467 2141 2732 2225 praebet
2774 2140 2974 2227 Iphig.
3022 2138 3207 2205 Taur.
3255 2139 3377 2205 987
3423 2141 3487 2203 et
3529 2141 3628 2202 88.

864 2238 868 2242 Δ
1697 2250 1856 2328 δεινή
1901 2283 1992 2333 τις
2032 2254 2177 2346 ὀργὴ
2225 2252 2527 2345 δαιμόνων
2571 2252 2833 2340 ἐπέζεσε,

1695 2371 1770 2440 τὸ
1816 2370 2190 2441 Ταντάλειον
2235 2378 2467 2466 σπέρμα
2511 2371 2615 2441 διὰ
2656 2371 2854 2442 πόνων
2890 2378 2940 2442 τ’
2952 2372 3103 2466 ἄγει.

853 2496 975 2561 His
1023 2500 1087 2562 in
1135 2495 1427 2562 versibus
1469 2500 1597 2561 iam
1641 2499 1918 2562 editores
1963 2519 2060 2579 ee,
2109 2500 2281 2583 quod
2325 2504 2471 2583 post
2514 2491 2756 2575 ἐπέζεσε
2799 2503 3292 2585 interpungunt,
3334 2499 3695 2563 liberiorem
3749 2498 4227 2562 collocationem

857 2616 1253 2681 statuendam
1299 2636 1441 2681 esse
1486 2620 1956 2682 concesserunt.
2048 2618 2208 2682 Nam
2256 2620 2378 2682 hoc
2413 2619 2551 2684 loco
2589 2620 2727 2685 fieri
2773 2641 2898 2684 non
2948 2624 3185 2704 potest,
3230 2620 3384 2703 quin
3450 2612 3526 2680 τὸ
3570 2608 3942 2679 Ταντάλειον
3996 2614 4228 2701 σπέρμα

853 2736 1126 2820 pendeat
1168 2756 1252 2799 ex
1298 2735 1492 2799 verbo
1537 2731 1689 2821 ἄγει,
1737 2739 1899 2821 quia
1944 2728 2186 2812 ἐπέζεσε
2256 2738 2521 2803 verbum
2579 2742 3055 2804 intransitivum
3112 2759 3257 2804 cum
3313 2739 3676 2802 accusativo
3735 2737 4042 2821 coniungi
4095 2754 4224 2798 non

857 2855 1033 2918 solet.
1123 2855 1319 2919 Aliud
1364 2856 1733 2939 exemplum
1780 2857 2079 2940 idemque
2123 2860 2550 2923 certissimum
2595 2858 2854 2943 praebet
2897 2859 3030 2923 Alc.
3081 2860 3205 2923 852

2461 2973 2580 3062 εἶμι
2623 2982 2749 3040 τῶν
2794 2968 2967 3040 κάτω

1696 3088 1894 3184 Κόρης
1937 3089 2195 3170 ἄνακτος
2237 3093 2286 3157 τ’
2342 3101 2422 3170 εἰς
2464 3093 2737 3170 ἀνηλίους
2780 3088 3020 3183 δόμους.

853 3213 964 3278 ubi
1026 3215 1116 3278 nil
1188 3233 1420 3279 causae
1487 3219 1603 3298 est,
1666 3235 1782 3281 cur
1824 3235 1954 3280 non
2012 3216 2197 3280 solita
2255 3216 2581 3281 collocatio
2634 3220 2761 3278 τῶν
2814 3206 2987 3279 κάτω
3032 3225 3051 3293 u
3093 3207 3288 3304 Κόρης
3337 3214 3390 3278 τ’
3445 3209 3713 3291 ἄνακτος
3761 3213 4042 3279 adhiberi
4114 3232 4227 3295 po·

854 3335 1047 3398 tuerit
1089 3354 1128 3397 a
1165 3339 1368 3418 poeta.
1460 3334 1688 3419 Neque
1734 3337 1952 3400 minus
1998 3339 2169 3400 certa
2212 3336 2370 3400 mihi
2413 3336 2709 3419 exempla
2750 3335 2909 3401 haec
2952 3336 3253 3402 videntur
3293 3335 3450 3401 Hec.
3499 3337 3663 3401 807:

1700 3457 1986 3542 οἴκτειρον
2027 3448 2206 3540 ἡμᾶς,
2253 3448 2334 3528 ὡς
2375 3446 2634 3541 γραφεύς
2674 3451 2725 3516 τ’
2780 3452 3152 3529 ἀποσταθείς

1703 3566 1832 3637 ἰδοῦ
1880 3596 1955 3660 με
2002 3566 2399 3662 κάνάθρησον,
2444 3570 2498 3637 οῖ
2542 3577 2667 3659 ἔχω
2713 3565 2892 3637 κακά.

856 3692 1052 3757 Porro
1095 3692 1349 3758 Helena
1392 3696 1535 3761 498.
1621 3694 1847 3759 Electr.
1893 3696 2040 3777 487,

1694 3819 1812 3877 ποῦ
1853 3818 1969 3876 ποῦ
2014 3818 2218 3893 νεᾶνις,
2262 3806 2447 3877 πότνι’
2504 3807 2618 3900 ἐμὴ
2663 3805 2946 3876 δέσποινά
2985 3836 3075 3895 τε,

857 3932 967 3997 ubi
1012 3936 1159 4016 post
1198 3936 1385 4006 νεᾶνις
1428 3934 2016 4018 interpungendum
2061 3935 2201 4016 erit,
2240 3952 2387 3997 cum
2433 3932 2629 3998 verba
2673 3924 2856 3996 πότνι’
2912 3928 3026 4019 ἐμὴ
3072 3929 3354 3997 δέσποινα
3409 3936 3523 4000 vix
3576 3935 3860 4018 disiungi
3920 3953 3994 3998 ac
4047 3953 4227 4017 sepa-

856 4054 979 4116 rari
1018 4053 1284 4135 possint.
1372 4050 1568 4116 Porro
1611 4053 1838 4118 Electr.
1889 4057 2012 4119 892
2059 4049 2167 4117 τὸν
2207 4059 2336 4116 τῶν
2377 4057 2544 4116 θεῶν
2585 4075 2656 4116 τε
2699 4057 2810 4127 τῆς
2853 4057 3044 4138 τυχῆς
3088 4051 3147 4115 θ’
3201 4048 3513 4141 ὑπηρέτην.
3599 4053 3675 4116 cf.
3706 4057 4029 4136 praeterea
4058 4051 4228 4115 Herc

861 4171 979 4233 132
1025 4164 1133 4255 (μὴ
1181 4168 1421 4255 μέλλειν
1462 4168 1513 4267 τ’
1568 4170 1743 4257 ἐμοὶ).
1832 4172 2032 4258 Iphig.
2080 4171 2266 4237 Taur.
2323 4174 2459 4236 105.
2548 4172 2751 4257 Iphig.
2795 4172 2944 4237 Aul.
2994 4173 3140 4236 474.
3182 4174 3321 4238 920.
3388 4174 3526 4238 930.
3584 4173 3723 4238 969.
3814 4170 4033 4254 Suppl.
4084 4170 4228 4233 357.

854 4291 999 4353 434.
1046 4289 1188 4353 693.
1280 4287 1407 4353 Sed
1453 4291 1552 4353 his
1596 4291 1774 4375 locis,
1820 4293 1929 4376 qui
1977 4294 2131 4356 certi
2175 4292 2497 4375 videntur,
2539 4310 2777 4376 paucos
2822 4291 3071 4374 addam,
3117 4292 3353 4377 quibus
3397 4291 3671 4356 dubitari
3716 4310 3909 4375 posse
3952 4290 4228 4368 videtur,

856 4428 1010 4473 num
1058 4407 1313 4473 liberior
1353 4408 1680 4475 collocatio
1726 4410 1804 4475 ab
1850 4411 2158 4494 Euripide
2204 4411 2486 4475 admissa
2528 4412 2628 4475 sit.
2716 4409 2873 4476 Hec.
2926 4411 3256 4476 538—541
3305 4409 3680 4494 Talthybius
3721 4412 3900 4475 dicit:

2263 4525 2587 4625 πρευμενὴς
2627 4524 2683 4594 δ’
2696 4525 2833 4617 ἡμῖν
2873 4534 3049 4618 γενοῦ

1703 4650 1880 4713 λῦσαί
1922 4672 1994 4714 τε
2038 4642 2301 4737 πρύμνας
2344 4652 2447 4714 καὶ
2481 4651 2889 4738 χαλινωτηρία

1703 4775 1869 4851 νεῶν,
1916 4761 2022 4846 δὸς
2062 4764 2200 4857 ἡμῖν
2240 4775 2596 4858 πρευμενοῦς
2636 4768 2686 4832 τ’
2740 4768 2829 4834 ἀπ
2863 4768 3055 4834 Ἰλίου
3604 4770 3728 4834 540

1699 4882 1913 4953 νόστου
1952 4880 2253 4975 τυχόντας
2294 4880 2525 4963 πάντας
2568 4893 2648 4962 εἰς
2684 4879 2918 4976 πάτραν
2961 4892 3178 4975 μολεῖν.

860 5009 998 5076 Hoc
1042 5008 1181 5076 loco
1237 5012 1394 5076 mihi
1448 5013 1700 5078 facilius
1749 5011 2002 5075 videtur
2060 5014 2149 5074 ita
2214 5014 2585 5077 construere
2650 5009 2867 5094 verba,
2909 5012 2981 5073 ut
3038 5012 3179 5094 port
3236 5013 3381 5073 νεῶν
3447 5029 3508 5073 v.
3557 5008 3680 5071 540
3749 5008 4234 5095 interpungatur
