4609 5692
1888 423 2374 494 -15-

1210 651 1459 726 γυναῖκα
1500 629 1698 716 τήνδε,
1744 631 1826 722 μὴ
1872 632 1924 721 μ’
1977 635 2114 729 ἑλῃς
2154 609 2456 719 ἡρημένόν.
2966 629 3132 692 1065

1219 754 1384 824 δοκῶ
1424 753 1535 846 γὰρ
1580 753 1766 825 αὐτὴν
1810 760 2049 841 εἰσορῶν
2090 750 2313 840 γυναῖχ’
2369 746 2510 838 ὁρᾶν

1218 875 1378 966 ἐμὴν.

467 998 838 1063 Wheelerus
885 1019 1109 1064 versus
1169 1000 1606 1064 1061-1063
1665 999 1913 1082 spurios
1971 1015 2114 1059 esso
2160 996 2394 1058 censet.
2500 989 2685 1054 Hanc
2742 995 2952 1053 autem
2998 1007 3252 1053 causam
3300 988 3556 1071 profert,
3622 987 3790 1072 quod

464 1119 608 1184 ferri
658 1138 782 1183 non
832 1121 1029 1203 possit
1072 1139 1328 1184 causam
1373 1119 1854 1184 exclamationis
1901 1116 2189 1195 Admeti,
2246 1130 2409 1197 quae
2455 1111 2620 1174 inest
2659 1130 2720 1171 v,
2772 1109 2932 1172 1064
2978 1113 3038 1172 et
3091 1105 3281 1188 1065,
3341 1107 3439 1171 bis
3486 1108 3691 1172 afferri
3737 1111 3801 1170 et

465 1245 611 1303 ante
655 1241 1177 1304 exclamationem
1226 1239 1519 1303 versibus
1569 1238 1722 1302 1061
1788 1235 2003 1299 -1063
2061 1240 2124 1297 et
2164 1237 2310 1316 post
2367 1230 2893 1294 exclamationem
2944 1227 3234 1291 versibus
3297 1227 3455 1290 1066
3503 1232 3567 1290 et
3613 1228 3791 1291 1067.

467 1359 730 1423 Additos
782 1364 991 1424 autem
1052 1379 1312 1439 versuS,
1379 1363 1552 1443 putat
1610 1357 1688 1421 ab
1734 1357 1977 1439 alique,
2046 1356 2152 1437 qui
2214 1351 2628 1432 desideraret,
2696 1349 2864 1412 undo
2919 1348 3224 1432 penderet
3277 1349 3618 1431 genetivus
3691 1351 3802 1422 τῆς

467 1470 776 1553 θανούσης.
884 1483 971 1544 At
1034 1481 1098 1543 hi
1166 1500 1390 1544 versus
1458 1499 1600 1543 mea
1667 1477 1922 1562 quidem
1994 1475 2305 1538 sententia
2370 1472 2594 1535 deesse
2656 1490 2780 1535 non
2829 1473 3112 1554 possunt.
3235 1467 3400 1532 Nam
3447 1488 3572 1551 quo
3615 1467 3800 1531 modo

466 1598 598 1662 fieri
643 1603 865 1682 potest,
920 1602 990 1661 ut
1029 1599 1126 1662 his
1171 1597 1463 1662 versibus
1507 1597 1722 1661 eiectis
1764 1594 2075 1658 Admetus
2119 1591 2302 1671 dicat,
2352 1609 2423 1654 se
2469 1591 2630 1654 hanc
2673 1591 2975 1654 feminam
3027 1589 3486 1672 adspicientem
3534 1606 3800 1651 uxorem

463 1736 643 1781 suam
691 1737 1033 1802 agnoscere
1079 1718 1196 1783 sibi
1246 1720 1490 1783 videri?
1535 1718 1674 1783 Hoc
1717 1721 1884 1781 certe
1929 1715 2043 1792 eia,
2085 1713 2195 1796 qui
2235 1710 2595 1792 audiebant,
2640 1710 2823 1774 valde
2858 1712 3088 1774 mirum
3120 1728 3262 1773 esse
3294 1707 3577 1773 debebat.
3636 1706 3800 1770 Nam

465 1839 591 1900 iam
637 1836 749 1900 diu
792 1838 898 1901 illa
941 1838 1145 1918 adest,
1203 1840 1327 1902 iam
1366 1839 1474 1903 diu
1510 1839 1817 1902 Admetus
1858 1854 1994 1899 cam
2029 1832 2488 1915 contemplatus
2523 1834 2619 1895 est
2649 1833 2713 1894 et
2746 1831 2871 1893 iam
2915 1830 3071 1893 vidit
3113 1829 3411 1892 feminam
3461 1827 3664 1891 adhuc
3704 1828 3802 1891 iu-

466 1957 740 2021 venilem
788 1977 928 2021 esse
975 1958 1047 2021 cf.
1101 1957 1260 2021 1050
1305 1956 1408 2019 νέα
1450 1952 1579 2043 γὰρ,
1627 1952 1707 2032 ὡς
1743 1958 1960 2026 ἐσθῆτι
2002 1953 2101 2015 καὶ
2167 1942 2375 2035 κόσμῳ
2422 1948 2642 2035 πρέπει.
2705 1947 3059 2013 Permirum
3101 1950 3294 2032 igitur
3340 1948 3540 2011 videri
3585 1946 3802 2010 debuit

465 2068 579 2148 eis,
623 2069 731 2151 qui
772 2067 1132 2148 audiebant,
1177 2070 1230 2131 si
1276 2069 1452 2133 nulla
1493 2088 1685 2133 causa
1731 2069 2101 2151 interposita
2146 2067 2356 2133 subito
2398 2088 2545 2133 eum
2592 2069 3055 2133 exclamantem
3102 2067 3460 2149 audiebant,
3531 2086 3601 2131 se
3641 2086 3801 2130 uxo·

464 2206 597 2252 rem
638 2207 817 2252 suam
864 2207 1207 2272 agnoscere
1253 2186 1376 2252 sibi
1419 2189 1639 2252 videri.
1742 2187 2070 2265 Quomodo
2114 2191 2323 2251 autem
2370 2189 2487 2252 hoc
2530 2187 2668 2252 fieri
2715 2190 3004 2272 potuerit,
3074 2193 3258 2272 poeta
3303 2188 3660 2252 necessario
3707 2189 3801 2251 in-

464 2308 669 2373 dicare
713 2308 932 2373 debuit
978 2308 1167 2393 idque
1223 2329 1299 2373 ea
1338 2329 1406 2373 re
1451 2309 1735 2374 effecisse
1792 2309 1947 2372 mihi
2012 2308 2293 2390 videtur,
2362 2283 2527 2393 quod
2591 2309 2933 2373 Admetum
2978 2309 3309 2373 mulierem
3385 2305 3568 2371 nitori
3645 2326 3799 2372 suae

463 2430 847 2493 simillimam
895 2428 1015 2493 sibi
1059 2429 1260 2494 videri
1326 2429 1641 2494 dicentem
1709 2430 1968 2497 inducit.
2075 2431 2372 2493 Attamen
2441 2431 2508 2493 in
2564 2449 2756 2493 versu
2846 2428 3006 2492 1060
3072 2429 3297 2491 vitium
3365 2429 3580 2491 inesse
3642 2428 3798 2490 mihi

462 2548 739 2630 videtur3
808 2547 1073 2613 dubium
1134 2551 1306 2614 enim
1349 2569 1492 2614 esse
1538 2570 1665 2614 non
1708 2554 1943 2634 potest,
2006 2552 2116 2633 qui
2184 2551 2285 2612 καὶ
2328 2554 2436 2623 τῆς
2479 2539 2780 2622 θανούσης
2826 2568 2970 2612 cum
3017 2545 3538 2612 antecedentibus
3583 2545 3798 2611 verbis

462 2689 522 2731 v.
569 2670 726 2733 1057
776 2670 845 2730 ἐκ
886 2691 957 2732 τε
1000 2661 1284 2754 δημοτῶν
1323 2672 1625 2754 coniungi
1687 2668 1912 2734 debeat
1954 2671 2056 2746 ita,
2120 2674 2191 2733 ut
2235 2670 2339 2732 hic
2382 2687 2613 2733 sensus
2659 2667 2907 2732 evadat:
2972 2668 3163 2732 timeo
3203 2687 3283 2731 ne
3327 2687 3458 2749 me,
3526 2669 3581 2730 si
3627 2667 3798 2730 illam

463 2790 789 2872 recipiam,
832 2791 1196 2873 vituperent
1235 2793 1299 2855 et
1342 2792 1515 2854 cives
1561 2792 1686 2853 mei
1732 2796 1794 2854 et
1837 2810 2000 2854 uxor
2041 2792 2177 2873 ipsa
2220 2794 2494 2868 mortua3
2564 2806 2772 2871 neque
2816 2789 3029 2851 minus
3073 2786 3336 2851 dubium
3386 2805 3531 2851 esse
3573 2791 3800 2871 potest,

467 2910 624 2990 quin
670 2907 862 2973 verba
926 2904 1156 2979 πολλὴν
1218 2910 1490 2997 προνοίαν
1554 2902 1647 2972 δεῖ
1708 2907 1761 2995 μ’
1834 2912 1990 2995 ἔχειν
2053 2930 2167 2993 per
2230 2929 2299 2973 se
2360 2910 2494 2973 sola
2539 2927 2799 2971 sensum
2846 2927 2972 2971 non
3022 2907 3394 2991 praebeant3
3462 2927 3608 2971 nam
3653 2927 3798 2972 cum

465 3026 849 3110 significent:
914 3047 1175 3093 necesse
1215 3034 1312 3093 est
1352 3028 1739 3113 provideam,
1805 3029 2161 3093 addendum
2209 3048 2353 3093 esse
2399 3047 2514 3112 par
2558 3030 2691 3110 est,
2735 3029 2838 3091 cui
2882 3029 2974 3091 rei
3015 3027 3343 3110 provideat
3388 3046 3651 3092 necesse
3696 3028 3795 3092 sit.

463 3143 604 3210 Hoc
648 3145 994 3228 obiectum,
1030 3149 1198 3232 quod
1245 3149 1530 3214 desidero
1577 3151 1766 3214 latere
1810 3155 1958 3233 puto
2016 3152 2082 3213 in
2130 3149 2342 3213 verbis
2403 3139 2541 3222 ἀξία
2606 3140 2676 3210 δέ
2720 3169 2822 3231 μοι
2888 3146 3095 3228 σέβειν.
3183 3147 3348 3212 Nam
3394 3150 3450 3212 si
3493 3147 3800 3213 Hecubae

462 3285 522 3334 v.
568 3267 688 3331 569
732 3262 961 3336 πολλὴν
1001 3259 1272 3354 πρόνοιαν
1315 3266 1471 3354 εἶχεν
1513 3266 1830 3355 εὐσχημῶς
1876 3279 2072 3332 πεσεῖν
2116 3271 2486 3350 nemincris,
2553 3287 2678 3333 non
2732 3267 3078 3349 recusabiS,
3146 3269 3299 3351 quin
3348 3270 3537 3332 etiam
3584 3273 3799 3334 nostro

465 3383 600 3449 loco
648 3385 1005 3450 infinitivus
1050 3385 1237 3468 σέβειν
1278 3390 1604 3472 pendeata
1643 3389 1854 3453 verbis
1898 3383 2127 3458 πολλὴν
2167 3379 2439 3475 πρόνοιαν
2480 3379 2575 3450 δεῖ
2613 3384 2666 3472 μ’
2723 3390 2894 3472 ἔχειν.
2981 3388 3225 3451 Sensus
3256 3407 3576 3453 conexum
3607 3390 3802 3472 igitur

464 3504 635 3568 huuc
676 3524 819 3569 esse
864 3511 1087 3572 statuo.
1199 3508 1509 3572 Admetus
1549 3509 1724 3573 dicit:
1794 3508 2153 3590 Feminam,
2221 3527 2412 3591 qnam
2458 3508 2751 3588 attulisti,
2810 3526 2938 3570 non
3002 3509 3284 3591 recipere
3326 3509 3395 3572 in
3442 3528 3646 3573 meam
3692 3509 3801 3573 do·

465 3643 635 3689 mum
686 3645 980 3709 possum3
1045 3647 1190 3714 nam
1237 3629 1291 3691 si
1338 3629 1455 3694 hoc
1497 3630 1753 3712 faciam,
1813 3628 2162 3693 timendum
2206 3634 2301 3691 est
2350 3647 2429 3690 ne
2477 3629 2825 3710 vituperer,
2883 3627 3050 3710 quod
3093 3647 3361 3693 uxorem
3404 3647 3608 3693 meam
3657 3649 3801 3712 pro-

462 3745 763 3810 didissem
819 3750 881 3809 et
933 3767 970 3810 a
1026 3746 1276 3810 civibus
1332 3755 1395 3811 et
1447 3769 1483 3812 a
1543 3751 1816 3832 coniuge
1880 3751 2017 3833 ipsa
2060 3752 2333 3812 mortua:
2402 3751 2672 3811 attamen
2721 3749 2791 3810 ut
2825 3746 2999 3810 illam
3044 3746 3279 3830 colam,
3342 3767 3595 3832 semper
3647 3750 3800 3814 mihi

463 3864 644 3928 valde
686 3865 1147 3949 providendum
1187 3869 1299 3929 est.
1413 3867 1497 3929 At
1552 3870 1784 3931 certam
1829 3869 2336 3933 emendationem
2379 3864 2653 3952 proferre
2700 3886 2823 3930 non
2864 3866 3095 3944 aude03
3165 3873 3228 3931 at
3274 3872 3340 3932 ut
3384 3870 3614 3933 melius
3659 3890 3798 3954 per-

463 3985 726 4066 spicias,
783 4005 973 4070 quem
1020 4004 1281 4051 sensum
1330 3986 1427 4049 his
1471 3985 1685 4050 verbis
1730 3988 1945 4051 inesse
1987 3988 2218 4069 velim,
2274 4006 2403 4050 non
2441 3986 2686 4066 celabo,
2742 4006 2905 4070 quae
2949 3985 3318 4069 Euripidem
3364 3987 3638 4052 scribere
3694 4010 3801 4074 po-

460 4105 661 4167 tuisse
706 4107 990 4169 coniicio.
1079 4107 1179 4169 καὶ
1220 4110 1329 4179 τῆς
1370 4097 1664 4180 θαούσης·
1711 4097 1935 4180 ἀξίως
1978 4098 2049 4167 δὲ
2092 4129 2195 4168 νιν
2240 4104 2428 4186 σέβειν
2455 4107 2473 4166 ll
2503 4100 2733 4175 πολλὴν
2775 4096 3049 4192 πρόνοιαν
3089 4097 3182 4168 δεῖ
3227 4104 3281 4192 μ’
3337 4111 3511 4192 ἔχειν.

792 4224 1000 4287 Venio
1042 4226 1119 4289 ad
1162 4246 1387 4291 versus
1432 4226 1681 4291 fabulae
1726 4232 2050 4291 extremae
2103 4224 2518 4289 1102-1110
2564 4227 2674 4309 qui
2720 4227 2812 4288 sic
2853 4225 3062 4289 traditi
3107 4231 3389 4291 exstant:

1216 4339 1371 4433 Αδμ.
1463 4351 1573 4434 φεῦ

1464 4464 1570 4530 εἴθ’
1626 4459 1692 4542 ἐξ
1728 4464 1959 4554 ἀγῶνος
1999 4458 2178 4537 τήνδε
2223 4461 2304 4553 μὴ
2340 4460 2549 4548 ’λαβὲς
2590 4488 2759 4549 ποτε.

1214 4586 1321 4674 Ηρ.
1458 4592 1694 4650 νικῶντι
1737 4587 1941 4674 μέντοι
1983 4589 2082 4650 καὶ
2127 4581 2196 4650 σὺ
2240 4591 2503 4670 συννικᾷς
2546 4586 2692 4672 ἐμοί.

1214 4700 1368 4793 Adia„
1457 4712 1660 4783 καλῶς
1702 4699 1941 4783 ἔλεξας·
1982 4703 2018 4769 ὖ
2061 4701 2205 4794 γυνὴ
2251 4699 2307 4768 δ’
2361 4703 2712 4770 ἀπελθέτω.

1205 4822 1341 4916 ‘lla
1470 4822 1714 4906 ἄπεισιν,
1760 4833 1811 4892 εἰ
1849 4821 1990 4916 χρή·
2035 4832 2249 4914 πρῶτα
2284 4819 2343 4889 δ’
2398 4831 2449 4890 εἰ
2489 4820 2682 4912 χρεὼν
2723 4818 2917 4912 ἄθρει.
3267 4822 3425 4890 1105

1212 4941 1371 5035 Asa.
1456 4942 1587 5036 yffi,
1633 4935 1738 5011 σοῧ
1781 4971 1853 5034 γε
1897 4943 1979 5035 μὴ
2025 4947 2354 5034 μέλλοντος
2395 4944 2678 5033 ὀργαίνειν
2716 4944 2863 5030 ἐμοί.

1214 5068 1318 5156 Ηρ.
1451 5060 1623 5142 εἰδώς
1664 5092 1726 5130 τι
1770 5063 1942 5154 κάγὼ
1992 5057 2158 5136 τήνδ’
2212 5071 2338 5153 ἔχω
2379 5064 2729 5154 προθυμίαν.
