4609 5692
1873 368 2349 439 ‚23-

425 595 641 661 neque
699 579 859 642 alios
929 578 1163 643 liberos
1220 559 1483 665 gignere
1542 580 1828 660 poteraS‚
1890 579 2001 661 qui
2056 580 2117 640 te
2172 594 2394 639 senem
2446 576 2648 658 alant;
2703 589 2832 662 'ego
2879 579 3092 641 autem
3137 567 3283 638 curii
3355 592 3560 638 uxore
3616 572 3800 637 beate

424 697 736 759 vixissem
771 715 982 781 neque
1013 697 1303 762 desertus
1338 694 1817 776 remansissem3
1859 717 2007 760 nam
2038 673 2108 760 tu
2151 696 2305 760 mihi
2357 699 2647 761 mortuus
2690 714 2781 759 es.
2845 696 3082 779 Atque,
3108 695 3262 779 quia
3292 694 3510 777 alium,
3550 694 3663 778 qui
3692 711 3797 757 me

429 817 724 897 servavit,
769 819 1038 901 repperi,
1079 818 1253 881 illius
1300 837 1401 882 me
1444 817 1648 881 filium
1696 820 1757 879 et
1796 806 2165 902 γηροτρόφον
2215 835 2359 880 esse
2403 816 2563 881 dieo.

765 932 898 1000 Hae
960 937 1275 1021 praeclara
1338 940 1504 1002 inter
1545 938 1891 1003 Admetum
1938 940 2001 1000 et
2043 940 2282 1019 patrem
2332 955 2565 1001 scaena
2609 937 2974 1000 examinata
3018 936 3180 1000 duos
3235 936 3408 1001 locos
3469 936 3798 1001 additurus

428 1072 592 1136 sum,
638 1057 752 1138 qui
778 1056 931 1119 mihi
976 1059 1257 1140 suspecti
1304 1058 1619 1122 videntur.
1714 1058 2027 1121 Admetus
2072 1057 2279 1138 uxori,
2325 1075 2489 1139 quae
2534 1054 2612 1119 ab
2661 1074 2736 1119 eo
2783 1058 3054 1120 summis
3100 1055 3398 1139 precibus
3428 1057 3676 1140 petivit,
3717 1074 3798 1120 ne

428 1191 497 1236 se
540 1179 853 1239 mortuam
897 1178 1004 1258 pio
1051 1178 1264 1240 animo
1309 1177 1517 1242 colere
1562 1178 1881 1242 desineret
1927 1196 2090 1240 neve
2137 1176 2330 1240 aliam
2374 1194 2642 1239 uxorem
2690 1176 2894 1260 ipsius
2940 1175 3155 1238 liberis
3202 1177 3488 1259 iniquam
3522 1177 3799 1256 duceret,

429 1293 583 1357 haec
626 1294 972 1376 respondet
1013 1315 1071 1356 v.
1117 1295 1494 1360 328—330:

1265 1419 1452 1500 ἔσται,
1497 1407 1617 1480 τάδ
1661 1419 1850 1494 ἔσται,
1896 1409 2002 1502 [μὴ
2047 1414 2291 1501 τρέσῃς·
2337 1415 2464 1477 ἐπεὶ
2507 1412 2552 1476 α’
2561 1469 2570 1476 .
2608 1405 2732 1500 ἐγώ

1267 1536 1368 1598 καὶ
1411 1526 1613 1608 ζῶσαν
1657 1530 1840 1621 εἶχον]
1887 1536 1988 1597 καὶ
2031 1531 2276 1596 θανοῦσ’
2331 1528 2445 1618 ἐμὴ
2491 1524 2638 1620 γυνή

1266 1643 1416 1737 μόνη
1462 1644 1762 1731 κεκλήσει,
1807 1646 2009 1727 κοῦτις
2052 1650 2186 1716 ἀντὶ
2230 1658 2336 1717 σοῦ
2381 1676 2532 1717 ποτε
2576 1657 2715 1716 κτλ.
3167 1655 3290 1718 330

432 1770 660 1852 Verba,
706 1790 872 1855 quae
920 1774 1102 1836 uncis
1147 1772 1402 1854 inclusi,
1446 1771 1524 1836 ab
1571 1772 1877 1855 Euripide
1933 1773 2211 1855 profecta
2276 1791 2421 1836 esse
2487 1792 2613 1836 nou
2673 1772 2879 1836 credo.
2985 1770 3361 1856 Significant
3419 1775 3590 1837 enim
3651 1774 3796 1838 hoe:

427 1890 591 1955 Nam
630 1910 747 1974 ego
795 1896 857 1954 et
910 1896 971 1955 te
1033 1894 1355 1956 viventem
1416 1891 1731 1956 habebam
1789 1896 1852 1955 et
1896 1861 2143 1957 mortua
2198 1911 2364 1956 uxor
2422 1910 2567 1955 mea
2621 1892 2809 1956 unica
2874 1892 3121 1955 diceris.
3208 1891 3336 1956 Sed
3398 1877 3566 1956 haec¹
3621 1894 3800 1957 omni

428 2029 624 2074 sensu
670 2010 970 2075 destituta
1015 2029 1160 2075 esse
1205 2031 1393 2076 nemo
1440 2032 1566 2075 uon
1617 2012 1817 2092 videt3
1864 2031 2008 2076 nam
2050 2012 2318 2078 fortasse
2362 2011 2735 2096 intellegere
2783 2011 2898 2074 hos
2943 2030 3169 2076 versus
3213 2030 3574 2096 possemus,
3619 2014 3674 2075 si
3718 2012 3798 2076 ad

429 2120 630 2202 ζῶσαν
672 2130 969 2213 supplere
1011 2149 1349 2214 possemus
1393 2123 1574 2217 μόνην
1615 2142 1883 2216 γυναῖκα.
1971 2132 2045 2196 Id
2092 2137 2302 2198 autem
2350 2131 2488 2196 fieri
2533 2147 2726 2214 posse
2773 2151 2961 2196 nemo
3007 2132 3164 2196 mihi
3217 2130 3642 2216 persuadebit.
3731 2129 3797 2194 Is

429 2250 639 2332 igitur,
686 2251 796 2333 qui
843 2250 996 2315 haec
1041 2253 1331 2334 inseruit,
1371 2253 1532 2316 hanc
1577 2253 1706 2317 fere
1738 2253 1836 2316 his
1866 2251 2080 2317 verbis
2110 2255 2327 2316 inesse
2358 2252 2561 2316 voluit
2590 2253 3001 2315 sententiam:
3050 2271 3195 2315 nam
3230 2270 3347 2335 ego
3379 2255 3440 2316 te
3472 2253 3796 2315 viventem

429 2387 709 2454 semper⁸
742 2371 995 2433 unicam
1075 2390 1342 2435 uxorem
1401 2371 1595 2435 habui
1651 2376 1714 2435 et
1772 2375 1916 2455 post
1969 2374 2234 2435 mortem
2295 2389 2423 2434 non
2490 2371 2672 2434 aliter
2714 2373 2905 2435 unica
2961 2389 3102 2435 mea
3166 2390 3333 2435 uxor
3390 2372 3534 2434 eriS.
3619 2369 3798 2433 Haec

427 2491 1007 2556 autem-sententia.
1038 2491 1163 2554 iam
1210 2493 1364 2555 satis
1409 2491 1684 2556 dilucide
1729 2510 2035 2575 expressa
2078 2494 2178 2554 est
2220 2489 2465 2554 verbis:
2514 2491 2615 2552 καὶ
2653 2486 2892 2552 θανοῦσ’
2935 2484 3049 2575 ἐμὴ
3079 2480 3275 2575 γυνήῦ
3318 2480 3467 2575 μόνη
3498 2480 3796 2559 asael-izeei..

428 2607 707 2691 Addidit,
750 2611 860 2693 qui
906 2609 1099 2674 verba
1142 2611 1241 2673 καὶ
1286 2609 1525 2674 θανοῦὀ
1581 2631 1691 2695 per
1734 2630 1805 2675 se
1850 2614 2004 2675 satis
2047 2612 2387 2695 perspicua
2442 2609 2788 2694 explanare
2840 2609 3202 2674 conabatur.
3304 2608 3634 2685 Quomodo
3678 2610 3796 2672 hoc

425 2726 690 2792 fortasse
734 2749 773 2792 a
815 2735 997 2812 poeta
1041 2729 1176 2794 fieri
1220 2732 1510 2814 potuerit,
1555 2730 1737 2795 docet
1775 2731 1954 2795 locus
1998 2729 2483 2795 Heraclidarum
2529 2729 2895 2793 simillimus
2939 2748 2999 2792 v,
3050 2729 3175 2791 558
3218 2732 3282 2792 et
3325 2731 3423 2793 59.

2313 2839 2656 2934 τιμιωτάτη

1269 2970 1369 3034 καὶ
1412 2960 1551 3044 ζῶσί
1602 2963 1695 3056 ὑφ’
1749 2963 1922 3055 ἡμῶν
1964 2969 2066 3032 καὶ
2110 2966 2352 3032 θανοῢό
2409 2972 2528 3031 ἔσει
2569 2958 2753 3029 πολυ·

766 3087 945 3220 Alter
988 3087 1166 3151 locus
1212 3092 1308 3152 cst
1351 3090 1704 3154 287--289.
1792 3090 2066 3154 Alcestis
2110 3090 2413 3153 moritura
2455 3087 2635 3151 dicit:

1266 3205 1376 3270 οὐκ
1416 3206 1697 3279 ἠθέλησα
1738 3199 1844 3283 ζῆν
1884 3198 2350 3271 ἀποσπασθεῖσα
2392 3211 2498 3270 σοῦ

1266 3321 1369 3389 σὺν
1403 3328 1600 3389 παισὶν
1642 3325 1972 3413 ὀρφανοῖσιν
2006 3320 2160 3412 [οὐδ’
2213 3318 2541 3412 ἐφεισάμην

1265 3443 1414 3527 ἥβης
1455 3450 1679 3532 ἔχουσα
1722 3442 1857 3532 δῶρ’
1912 3445 1995 3529 ἐν]
2041 3440 2124 3520 οἷς
2163 3437 2513 3532 ἐτερπόμην.

427 3560 500 3625 In
550 3561 764 3626 verbis
807 3561 1050 3628 traditis
1096 3564 1355 3629 offendit
1395 3568 1668 3650 primum
1713 3567 2009 3650 graviter,
2038 3566 2194 3629 iliud
2243 3565 2319 3627 ἐν
2361 3560 2465 3648 οἷς,
2496 3568 2760 3631 minime
2789 3584 3106 3651 graecum.
3177 3564 3501 3634 Homerus
3533 3565 3790 3651 quidem

429 3684 684 3766 saepius
733 3682 884 3747 dicit
926 3685 1256 3770 τέρπεσθαι
1300 3685 1381 3747 ἑνὶ
1426 3686 1623 3771 φρεσίν
1675 3686 1777 3750 vel
1838 3680 2001 3748 κατὰ
2057 3676 2281 3770 θυμόνς
2349 3686 2462 3750 sed
2514 3686 2633 3750 hoe
2685 3704 2945 3770 prorsus
3013 3685 3211 3750 alium
3278 3703 3539 3750 sensum
3587 3684 3793 3769 habet,

429 3820 620 3885 quam
659 3807 875 3866 noster
918 3804 1130 3882 locus3
1175 3824 1321 3868 nam
1368 3824 1480 3869 eae
1523 3824 1648 3887 res,
1694 3804 1931 3889 quibus
1971 3805 2329 3890 gaudemus
2373 3806 2476 3868 vel
2521 3805 2929 3888 delectamur,
2967 3805 3372 3888 explicantur
3430 3805 3530 3868 vel
3582 3805 3793 3869 dativo

429 3921 587 4003 sole,
625 3928 695 3986 ut
736 3923 903 4007 apud
947 3922 1301 3989 Homerum
1344 3924 1674 4010 τέρπεσθαι
1717 3916 1896 4004 δαιτί,
1940 3916 2142 4010 μύθῳ,
2185 3915 2335 4010 γόῳ,
2381 3916 2667 3987 δίσκοισιν
2709 3928 2772 3989 et
2813 3925 3014 3989 multa
3071 3924 3196 3989 alia
3248 3924 3322 3988 cf.
3379 3923 3562 3988 Pind.
3605 3923 3787 4005 Pyth.

427 4043 573 4123 2514
616 4032 935 4105 ἀπάταισιν
978 4038 1176 4131 θυμὸν
1217 4042 1501 4130 τέρπεται
1543 4044 1773 4108 Aesch.
1816 4043 2004 4108 Eum.
2050 4045 2175 4107 994
2221 4043 2518 4127 Sophoel.
2577 4042 2737 4108 Phil.
2784 4046 2910 4108 458
2968 4043 3124 4108 Oed.
3170 4042 3302 4108 Col.
3366 4041 3527 4107 1142
3571 4042 3790 4127 Eurip.

428 4162 562 4225 Alc.
590 4164 671 4225 54
710 4172 909 4244 τιμαῖς
943 4161 1291 4249 τέρπεσθαι,
1335 4163 1438 4226 vel
1468 4164 1798 4248 participio
1830 4161 2009 4226 verbi
2041 4165 2110 4226 ut
2131 4161 2348 4246 Eurip.
2395 4161 2623 4227 Bacch.
2673 4164 2790 4226 321
2840 4161 3123 4248 τέρπεται
3165 4153 3503 4246 τιμώμενος
3547 4160 3787 4225 Phoen.

430 4280 550 4344 917
595 4282 898 4345 Androm.
950 4282 1130 4346 1184.
1220 4281 1412 4346 Porro
1455 4283 1772 4346 sententia
1818 4283 2034 4346 minus
2088 4285 2230 4365 apta
2285 4280 2557 4345 videtur.
2611 4281 2799 4364 Nam,
2844 4283 2902 4345 si
2946 4281 3101 4365 quid
3143 4281 3354 4363 video,
3397 4281 3606 4345 dicere
3658 4300 3789 4344 non

427 4402 672 4481 poterat
712 4402 1010 4483 Alcestis,
1055 4400 1223 4484 quod
1265 4400 1445 4466 dicit:
1490 4400 1627 4485 Ego
1672 4403 1814 4466 sine
1859 4406 1920 4466 te
1956 4403 2171 4466 vivere
2213 4400 2508 4466 nolebam
2553 4421 2701 4467 cum
2734 4401 2973 4484 liberiS,
3002 4420 3215 4485 neque
3247 4403 3568 4466 iuventuti
3610 4420 3790 4465 meae

425 4521 704 4602 peperci.
792 4518 1043 4585 Poterat
1086 4520 1205 4584 hoc
1249 4523 1493 4584 tantum
1540 4520 1775 4586 dicere:
1818 4521 1954 4605 Ego
2005 4520 2299 4586 uolebam
2344 4523 2564 4586 vivere
2606 4523 2746 4585 sine
2790 4525 2852 4584 te
2896 4539 3045 4585 cum
3088 4519 3308 4585 liberis
3375 4525 3437 4585 et
3494 4519 3789 4585 nolebam

426 4639 747 4703 iuventuti
792 4659 972 4705 meae
1013 4658 1290 4723 parcere.
1377 4641 1662 4725 Accedit,
1707 4640 1876 4725 quod
1906 4638 2100 4704 verba
2142 4639 2369 4705 tradita
2397 4643 2824 4705 incertissima
2853 4643 3031 4721 sunt3
3079 4658 3226 4703 nam
3271 4659 3382 4724 pro
3414 4630 3543 4702 οὐδ’
3598 4642 3787 4704 etiam

427 4753 556 4820 ἄλλ’
637 4757 952 4841 scribitur,
1018 4751 1151 4847 ’δῶρ’
1209 4761 1273 4822 in
1333 4761 1660 4825 nonnullis
1705 4760 2031 4826 codicibus
2088 4762 2412 4825 omittitur.
2502 4759 2722 4845 Itaque
2782 4759 3007 4842 verba,
3072 4777 3237 4843 quae
3287 4761 3476 4824 uncis
3532 4761 3790 4843 inclusi,

428 4873 719 4943 tollenda‘
736 4898 879 4943 csse
910 4897 1159 4948 censeo.
1225 4878 1349 4943 His
1378 4881 1638 4944 remotis
1683 4899 1916 4945 sensus
1961 4880 2242 4963 optimus
2288 4884 2412 4944 est:
2460 4880 2546 4943 At
2591 4899 2709 4963 ego
2756 4881 2896 4944 sine
2941 4885 3002 4944 tc
3047 4881 3267 4944 vivero
3307 4877 3602 4943 nolebam
3640 4899 3788 4944 eum

428 4998 646 5064 liberis
693 4999 883 5080 orbiS,
930 5001 1166 5084 quibus
1212 5000 1501 5066 laetabar.
