4609 5692
2025 390 2538 459 ...17-

1484 594 1658 677 εἰδώς
1698 625 1761 662 τι
1804 594 1979 685 κάγὼ
2015 591 2184 661 τὴνδ’
2237 601 2363 685 ἔχω
2408 597 2761 684 προθυμίαν.

559 724 745 805 Nam,
790 724 844 789 si
890 720 1371 785 antecedentem
1436 740 1699 785 versum
1769 721 1881 802 sic,
1925 723 1998 782 nt
2041 720 2335 803 exposui,
2400 714 2848 799 intelligimus,
2913 715 3004 779 nil
3049 716 3174 794 est,
3221 714 3391 799 quod
3436 734 3555 780 nos
3599 715 3926 799 impediat,

565 843 932 927 quominuS‚
996 831 1168 910 τήνδ’
1240 843 1365 925 ἔχω
1433 839 1770 927 προθυμίαν
1811 840 2090 922 positum
2135 855 2280 901 esse
2328 854 2661 900 sumamus
2705 853 2820 918 pro
2882 838 2994 897 τοῦ
3047 831 3332 919 ὀργαίνειν
3394 837 3519 920 ἔχω
3570 834 3925 921 προθυμίαν,

496 993 500 997 -
563 963 626 1026 id
674 961 843 1046 quod
905 978 1101 1023 sensu
1153 977 1365 1023 carere
1419 959 1748 1023 Nauckius
1820 958 1988 1021 dicit.
2091 954 2254 1021 Tum
2323 958 2497 1019 enim
2554 954 2718 1018 bene
2785 957 2879 1018 sic
2948 971 3182 1049 sensus
3223 953 3528 1038 procedit:
3605 952 3769 1018 Cum
3832 955 3929 1021 rei

563 1081 892 1146 cuiusdam
926 1077 1095 1142 haud
1134 1079 1379 1142 inscius
1423 1081 1566 1160 sim,
1604 1077 1669 1141 id
1712 1079 1923 1160 ipsum
1972 1080 2140 1158 epte,
2183 1080 2254 1139 ut
2297 1093 2492 1139 causa
2534 1073 2651 1138 tibi
2694 1074 3008 1138 irascendi
3053 1074 3210 1137 mihi
3249 1074 3349 1137 sit.
3439 1071 3668 1138 Dicere
3712 1077 3928 1139 autem

568 1203 684 1265 hoc
725 1204 957 1284 potest,
1004 1200 1155 1282 quia
1202 1196 1525 1279 feminam,
1570 1197 1649 1259 de
1709 1217 1836 1280 qua
1879 1198 2115 1279 agitur,
2175 1194 2511 1259 mulierem
2555 1194 2811 1258 Admeti
2859 1212 3004 1257 esse
3049 1192 3215 1258 bene
3260 1195 3380 1258 scit
3417 1193 3751 1259 Hercules.
3840 1195 3929 1259 At

568 1341 652 1386 ne
699 1324 791 1384 sic
836 1320 1096 1404 quidem
1141 1316 1408 1381 verbum
1474 1308 1681 1402 κάγώ,
1753 1317 1922 1401 quod
1970 1318 2093 1379 iam
2141 1315 2505 1379 Nauckinm
2552 1315 2838 1392 offendit,
2902 1314 3050 1377 ferri
3093 1318 3329 1397 potest;
3397 1333 3546 1378 nam
3613 1311 3929 1379 Hercules

574 1441 839 1504 Admeto
889 1457 1017 1502 non
1058 1438 1363 1501 adsentiri
1418 1438 1588 1518 vult,
1653 1436 1765 1499 sed
1803 1436 1864 1499 id
1913 1439 2110 1519 optat,
2156 1436 2326 1519 quod
2395 1435 2500 1498 ille
2554 1434 2692 1499 fieri
2750 1453 2879 1498 non
2921 1434 3077 1497 vult.
3184 1432 3476 1497 Fortasse
3522 1431 3931 1497 scribendum

568 1563 691 1623 ost:
739 1550 913 1631 εἰδώς
947 1581 1009 1619 τι
1041 1548 1280 1642 κάρτα
1320 1546 1487 1624 τήνδ’
1527 1558 1653 1640 ἔχω
1681 1553 2018 1640 προθυμίαν
2049 1553 2235 1618 valdo
2280 1554 2383 1617 vel
2422 1553 2833 1616 vehomenter
2869 1556 3014 1636 opto
3057 1552 3122 1616 id
3168 1553 3399 1636 ipsum.
3460 1551 3653 1618 Nunc
3672 1552 3933 1617 demum

570 1679 915 1758 AdmetuS,
981 1675 1092 1739 ubi
1149 1694 1229 1738 ne
1275 1674 1438 1737 hanc
1483 1674 1740 1758 quidem
1788 1692 2045 1737 causam
2102 1674 2270 1757 apud
2314 1672 2658 1736 Herculem
2720 1674 3064 1757 quicquam
3110 1672 3326 1737 valere
3369 1672 3559 1755 vidit,
3624 1672 3935 1754 concedit,

570 1798 866 1882 quamvis
913 1798 1175 1875 invitus,
1222 1814 1386 1878 quae
1434 1793 1540 1857 ille
1585 1794 1829 1877 petivit,
1874 1811 1943 1856 se
1987 1794 2301 1857 facturum
2347 1811 2492 1856 esse
2536 1813 2598 1854 v.
2647 1793 2828 1856 1108.
3257 1780 3262 1789 ’

493 1892 501 1899 ’
1496 1911 1628 1973 νίκα
1666 1934 1787 1972 νυν·
1836 1908 1905 1972 οὐ
1950 1905 2066 1995 μὴν
2108 1901 2439 1972 ἁνδάνοντά
2482 1932 2584 1997 μοι
2624 1920 2825 1984 ποιεῖς.

572 2035 659 2097 At
700 2035 818 2098 hoc
857 2051 1049 2096 versu
1095 2031 1426 2096 Nauckius
1472 2033 1935 2095 sententiarum
1984 2050 2303 2095 conexum
2350 2030 2588 2095 turbari
2626 2030 2794 2095 dicit.
2881 2030 3096 2115 Eurip.
3137 2030 3312 2096 Stud.
3341 2029 3406 2093 11
3449 2049 3512 2114 p.
3542 2030 3644 2098 83.
3702 2030 3940 2095 Admet

573 2154 790 2217 wiirde
861 2155 976 2215 mit
1040 2152 1182 2215 dem
1248 2151 1381 2212 νίκα
1444 2174 1541 2212 νυν
1606 2150 1743 2213 sich
1807 2151 1910 2213 fiir
1977 2150 2450 2233 iiberwunden,
2514 2152 2741 2215 seinen
2786 2149 3192 2215 Widerstand
3254 2150 3358 2215 fiir
3414 2150 3778 2235 gebrechen
3841 2169 3939 2214 er-

574 2272 825 2350 klarem
890 2272 995 2334 hat
1038 2290 1108 2334 er
1152 2271 1287 2334 dics
1332 2271 1601 2354 gethan,
1669 2289 1741 2333 so
1785 2270 1960 2333 kann
2018 2289 2088 2333 er
2132 2271 2338 2353 nicht,
2403 2273 2525 2334 wie
2571 2289 2642 2334 es
2687 2272 2775 2334 im
2820 2269 3210 2355 Folgendem
3253 2271 3619 2355 geschicht,
3685 2271 3940 2334 weitere

580 2390 906 2454 Versuchc
962 2389 1250 2469 macheu,
1317 2388 1430 2452 der
1476 2386 1643 2449 Bitte
1690 2387 1805 2450 des
1847 2385 2168 2450 Herkules
2215 2388 2351 2451 sich
2398 2407 2481 2451 zu
2526 2389 2881 2453 entziehen.
2973 2389 3060 2453 Er
3089 2388 3219 2453 will
3263 2409 3324 2452 v,
3386 2389 3551 2454 1110
3598 2390 3733 2453 sich
3775 2388 3939 2453 dazu

577 2510 945 2590 verstehen,
1012 2509 1161 2572 dass
1215 2508 1319 2571 dic
1378 2505 1619 2571 Diener
1669 2507 1772 2570 die
1833 2506 2259 2571 Unbckannte
2319 2509 2383 2570 in
2444 2507 2558 2571 das
2599 2507 2783 2574 Haus
2827 2509 3136 2594 geleiten,
3201 2508 3376 2574 dann
3420 2508 3653 2574 fordert
3696 2528 3767 2573 er
3809 2508 3935 2573 den

575 2616 917 2695 Herkules'
938 2628 1065 2708 auf,
1110 2646 1181 2690 es
1227 2626 1436 2691 selber
1482 2646 1564 2690 zu
1606 2627 1788 2708 thun,
1830 2626 2083 2690 endlich
2130 2629 2333 2690 meint
2375 2646 2465 2709 er,
2510 2629 2605 2692 sie
2649 2629 2808 2692 selle
2841 2627 3042 2693 selbst
3087 2629 3542 2713 hineingeben.
3632 2627 3753 2692 Mit
3801 2628 3992 2707 der·-

579 2750 821 2832 artigen
868 2746 1314 2811 allmiihlichen
1360 2745 1949 2830 Zugestiindnissen
2010 2751 2288 2831 vertragt
2341 2766 2411 2810 es
2472 2748 2608 2811 sich
2664 2748 2867 2834 nichtf,
2933 2749 3082 2813 dass
3125 2768 3196 2814 er
3252 2749 3389 2813 sich
3434 2749 3664 2816 verber
3708 2767 3781 2812 so
3832 2767 3942 2833 ge-

577 2870 811 2953 sangen
851 2866 1043 2951 gicht,
1089 2869 1206 2931 wie
1251 2867 1353 2930 die
1398 2865 1617 2932 Worte
1661 2865 1794 2927 νίκα
1837 2890 1934 2927 νυν
1991 2886 2061 2931 es
2117 2866 2419 2951 besagen.
2508 2866 2688 2932 Haec
2726 2871 3192 2952 argumentatio
3235 2867 3487 2954 probari
3533 2887 3664 2933 non
3705 2871 3940 2953 potest3

579 3008 728 3052 nam
785 2985 1002 3051 verbis
1060 2987 1192 3048 νίκα
1248 3009 1346 3048 νυν
1403 2986 1695 3050 concedit
1737 2986 2052 3051 Admetus
2104 2987 2199 3070 id,
2265 2988 2437 3072 quod
2479 2987 2797 3053 Hercules
2842 2993 3028 3053 antea
3064 3009 3124 3052 ν.
3165 2988 3325 3053 1097
3391 2979 3578 3075 δέχου
3642 3011 3741 3050 νυν
3802 2989 3944 3051 εἵσω

578 3097 758 3175 τήνδε
801 3105 1071 3191 γενναίαν
1112 3097 1320 3191 δόμων
1363 3106 1604 3188 petivit.
1695 3103 1859 3187 Hoc,
1901 3108 2197 3188 quamvis
2227 3107 2492 3189 invitus,
2528 3126 2738 3192 neque
2769 3108 2928 3171 nihil
2958 3106 3133 3171 aliud
3163 3107 3469 3173 concedit.
3555 3105 3631 3171 In
3670 3126 3947 3193 sequen·

581 3226 755 3290 tibus
821 3231 1035 3289 autem
1101 3222 1397 3287 versibus
1445 3224 1507 3287 id
1570 3226 1815 3306 ipsum,
1881 3225 2051 3308 quod
2112 3227 2239 3290 iam
2284 3245 2665 3292 concessum
2710 3228 2790 3292 ab
2834 3245 2911 3292 eo
2955 3230 3084 3310 est,
3151 3229 3417 3292 minime
3448 3229 3696 3293 irritum
3739 3227 3948 3293 facere

582 3346 749 3429 vult,
805 3345 917 3410 sed
963 3345 1108 3409 aliis
1155 3345 1472 3426 novisque
1536 3342 1833 3428 precibus
1878 3343 2111 3426 obstat,
2178 3350 2434 3411 recusat
2474 3349 2786 3431 primum,
2836 3349 3184 3432 quominus
3225 3350 3366 3433 ipse
3410 3366 3531 3413 sua
3571 3366 3772 3413 manu
3806 3367 3949 3414 mu·

582 3467 801 3530 liorem
847 3465 1018 3530 illam
1062 3465 1128 3526 in
1175 3464 1436 3527 domum
1482 3463 1699 3545 ducat,
1756 3482 1885 3528 non
1928 3469 2209 3547 recusat,
2263 3468 2420 3550 quin
2470 3467 2571 3531 vel
2615 3468 2755 3551 ipsa
2794 3467 3054 3532 domum
3102 3470 3324 3550 intret,
3390 3467 3496 3531 vel
3541 3466 3621 3532 ab
3664 3465 3946 3533 Hercule

581 3584 936 3647 inducatur.
1028 3581 1249 3666 ltaque
1309 3582 1407 3645 bis
1473 3582 1551 3645 de
1613 3585 1826 3647 causis
1894 3584 2012 3647 hoc
2055 3588 2183 3649 toto
2250 3584 2388 3649 loco
2457 3585 2615 3648 nihil
2681 3585 3134 3670 expellendum
3192 3605 3338 3651 esse
3382 3591 3556 3672 puto.
3647 3585 3948 3671 Sensum,

584 3704 837 3788 qualem
883 3704 993 3767 toti
1041 3703 1179 3766 loco
1226 3703 1441 3766 inesse
1487 3699 1656 3782 volo,
1715 3701 2022 3767 brevibus
2069 3702 2281 3767 verbis
2327 3704 2657 3787 complecti
2701 3704 2860 3768 mihi
2903 3705 3119 3769 liceat:
3188 3706 3412 3770 Adm.:
3479 3706 3743 3770 Utinam
3786 3707 3951 3771 hanc

583 3824 889 3889 feminam
936 3842 1268 3907 nunquam
1307 3842 1392 3885 ex
1441 3823 1787 3884 certamine
1833 3822 2188 3887 attulisses!
2248 3821 2473 3891 Herc:
2535 3826 2650 3906 At,
2716 3826 3020 3909 quoniam
3066 3827 3226 3908 vici,
3291 3827 3484 3889 etiam
3535 3829 3607 3889 tu
3653 3827 3953 3890 victoriae

584 3946 899 4027 particeps
928 3943 1018 4005 sis
1047 3943 1264 4007 velim.
1338 3941 1552 4007 Admz
1599 3940 1922 4025 Benigne:
1970 3946 2033 4005 at
2076 3943 2309 4006 mulier
2352 3945 2474 4007 ista
2516 3942 2831 4008 abscedat.
2916 3944 3140 4009 Herc:
3187 3943 3542 4027 'Abscedet,
3586 3948 3643 4010 si
3688 3963 3954 4010 necesse

592 4065 715 4142 est3
763 4063 873 4126 sed
917 4064 1102 4125 antea
1141 4062 1310 4144 vide,
1356 4082 1511 4126 num
1548 4080 1812 4125 necesse
1857 4063 1956 4124 sit.
2021 4061 2245 4126 Adm.:
2313 4063 2596 4129 Necesse
2641 4068 2772 4144 est3
2841 4085 2988 4129 nam
3034 4063 3182 4129 nolo
3222 4064 3354 4129 fore
3397 4068 3472 4128 nt
3512 4067 3584 4130 tn
3629 4065 3789 4129 mihi
3833 4067 3958 4130 ira-

590 4185 807 4248 scaris.
894 4181 1114 4250 Herc.:
1159 4181 1321 4247 Cum
1365 4182 1699 4246 cuiusdam
1743 4183 1835 4244 rei
1881 4201 2010 4246 non
2056 4184 2302 4247 inscius
2349 4186 2492 4268 sim,
2535 4184 2600 4248 id
2647 4186 2859 4269 ipsum
2904 4184 3128 4249 valdee
3169 4187 3379 4268 cupio.
3463 4184 3681 4250 Adm.:
3749 4184 3958 4250 Vince

591 4305 812 4387 igitur3
853 4306 915 4366 at
960 4321 1086 4365 non
1136 4303 1291 4367 mihi
1329 4303 1603 4386 placent,
1648 4320 1812 4384 quae
1858 4304 1995 4385 agis
2040 4308 2155 4366 etc.

928 4422 1053 4487 Sed
1098 4424 1224 4485 iam
1270 4425 1424 4486 satis
1470 4423 1625 4486 mihi
1672 4420 1868 4485 verba
1907 4423 2139 4485 secisse
2169 4423 2411 4506 videor,
2454 4443 2569 4488 cur
2614 4424 2785 4488 locos
2818 4424 3221 4508 Euripideos,
3266 4443 3429 4510 quos
3461 4423 3841 4489 Wheelerus
3888 4428 3960 4489 nt

596 4547 926 4627 suspectos
991 4543 1267 4624 notavit,
1328 4545 1676 4607 maximam
1746 4545 1992 4625 partem
2043 4544 2279 4606 iniuria
2343 4542 2639 4628 Euripidi
2683 4542 3075 4609 abiudicatos
3119 4564 3265 4609 esse
3304 4550 3613 4630 putarem.
3719 4542 3962 4627 Restat,

596 4666 666 4726 ut
708 4662 786 4726 de
831 4664 925 4726 eis
970 4663 1127 4726 locis
1170 4665 1425 4726 nostrae
1472 4661 1723 4726 tabulae
1768 4681 1973 4745 agam,
2019 4664 2131 4747 qui
2175 4662 2331 4727 mihi
2363 4664 2551 4727 certis
2581 4663 2661 4727 de
2690 4665 2904 4729 causis
2949 4668 3148 4749 spurii
3192 4664 3507 4730 videntur.
3594 4664 3760 4731 Sunt
3787 4667 3961 4730 enim

595 4784 660 4847 in
708 4782 817 4847 illa
858 4784 1181 4866 praeclara
1225 4802 1459 4847 scaena
1503 4783 1668 4846 inter
1708 4780 2058 4846 Admetum
2104 4785 2167 4846 et
2203 4780 2536 4846 Pheretem
2583 4787 2824 4867 patrem
2864 4785 3195 4868 nonnulla,
3259 4804 3428 4870 quae
3471 4804 3575 4849 me
3615 4784 3962 4849 offendunt.

593 4901 767 4967 Dum
815 4903 988 4965 enim
1035 4921 1267 4991 corpus
1312 4903 1656 4966 Alcestidis
1697 4906 1981 4966 mortuae
2028 4903 2305 4984 effertur,
2359 4899 2598 4965 Pheres
2642 4906 2823 4985 pater
2875 4903 3136 4967 advenit
3179 4904 3345 4969 dona
3388 4909 3967 4989 ornamentumque

601 5024 787 5086 uxori
833 5022 949 5086 filii
995 5022 1286 5085 afferens.
1376 5022 1496 5085 Ille
1550 5020 1757 5085 filium
1815 5023 2160 5107 alloquitur
2224 5044 2282 5086 v.
2333 5023 2691 5086 614—628
2761 5023 2924 5087 hanc
2974 5023 3106 5087 fere
3151 5025 3218 5087 in
3257 5028 3668 5090 sententiam:
3737 5024 3969 5108 Venio,

3545 5150 3583 5204 3
