4609 5692
2218 472 2669 540 ..6-

765 692 904 756 saS,
966 695 1125 759 quas
1169 678 1428 760 protulit
1471 679 1751 764 Apollini
1796 678 1953 743 adeo
2000 699 2126 744 non
2170 684 2605 765 persuasisse,
2669 688 2739 748 ut
2783 703 2852 750 se
2894 685 3166 751 ludibrio
3211 685 3473 769 habeat,
3531 702 3602 749 se
3645 703 3756 749 eos
3799 683 4092 752 detestari

768 793 1115 879 profitetur,
1161 798 1395 882 quibus
1435 800 1504 863 in
1550 803 1876 864 senectute
1919 803 2077 864 mori
2122 821 2500 867 concessum
2542 805 2638 867 sit.

1092 916 1237 982 Pari
1282 919 1666 987 confidentia
1705 921 2080 986 Wheelerus
2125 922 2452 987 damnavit
2497 943 2553 986 v.
2602 923 2872 988 66-69
2913 928 2976 988 et
3021 925 3307 988 74—76.
3419 922 3704 988 Primum
3746 925 3959 987 autem
4005 922 4102 985 vi-

762 1037 1026 1102 deamus
1070 1039 1397 1123 Apollinis
1442 1039 1638 1105 verba
1681 1041 1948 1105 64-69.

1508 1152 1550 1231 ἦ
1596 1155 1713 1246 μὴν
1755 1155 1828 1224 σὺ
1876 1162 2063 1225 πείσει
2104 1162 2311 1249 καίπερ
2357 1157 2521 1248 ὠμὸς
2565 1158 2649 1224 ὧν
2700 1156 2853 1248 ἄγαν

1509 1291 1669 1355 τοῖος
1714 1280 1983 1368 Φέρητος
2031 1279 2143 1345 εἶσι
2185 1276 2327 1369 πρὸς
2371 1273 2593 1367 δόμους
2637 1275 2777 1369 ἀνὴρ
3271 1284 3352 1347 65

1510 1398 1868 1486 Εὐρυσθέως
1908 1399 2252 1487 πέμψαντος
2290 1403 2517 1464 ἵππειον
2561 1400 2716 1486 με’τα

1506 1515 1728 1607 ὄχημα
1767 1512 2002 1607 Θρῆκης
2045 1523 2113 1584 ἐκ
2155 1513 2361 1585 τόπων
2401 1514 2801 1607 δυσχειμέρων

1505 1639 1572 1718 ὃς
1615 1633 1692 1712 δὴ
1740 1633 2017 1717 ξενωθεὶς
2060 1634 2246 1706 τοῖσδ’
2300 1644 2361 1704 ἐν
2395 1633 2695 1728 Ἀδμήτου
2737 1633 2943 1727 δόμοις

1506 1762 1602 1844 βία
1644 1772 1893 1846 γυναῖκα
1929 1754 2108 1833 τήνδε
2153 1760 2199 1825 σ’
2251 1754 2638 1851 ἐξαιρήσεται.

755 1879 893 1944 Hes
941 1901 1200 1963 versus,
1266 1901 1349 1946 ex
1395 1882 1631 1968 quibus
1676 1883 1837 1947 duos
1882 1886 2122 1967 primos
2164 1888 2409 1949 tantum
2455 1884 2828 1970 Euripideos
2869 1904 3011 1948 esse
3055 1884 3376 1948 contendit
3418 1882 3600 1965 Wh.,
3644 1881 3721 1946 ad
3766 1884 3958 1944 totam
4002 1882 4093 1945 fa-

753 1998 941 2065 bulae
986 2004 1295 2067 actionem
1342 2006 1621 2068 maxime
1668 2006 2063 2069 necessarios
2108 2024 2249 2069 esse
2296 2007 2424 2100 vix·
2453 2009 2579 2088 est,
2635 2005 2801 2089 quod
2850 2023 3157 2068 moneam.
3249 2002 3410 2068 Nam
3461 2004 3641 2087 „illa,
3696 2022 3857 2087 quae
3902 2004 4092 2067 huius

754 2119 1000 2186 fabulae
1045 2124 1297 2207 propria
1340 2128 1456 2205 est,
1529 2126 1866 2209 permixtio
1910 2127 2268 2190 iocosorum
2315 2131 2376 2190 et
2417 2127 2689 2190 tristium
2737 2125 3102 2207 offenderet,
3177 2128 3302 2188 nisi
3352 2144 3434 2188 ex
3479 2124 3736 2209 prologo
3776 2126 4084 2187 sciremus

753 2243 997 2306 exitum
1038 2243 1288 2307 felicem
1325 2244 1494 2308 fore“
1564 2246 1829 2323 (Arnim.
1900 2248 1977 2311 de
2024 2247 2176 2330 prol.
2225 2248 2376 2310 Eur.
2425 2250 2648 2332 interp.
2696 2252 2757 2311 et
2799 2250 2973 2331 arte).
3079 2249 3181 2309 An
3242 2250 3423 2329 putas
3469 2245 3623 2307 solis
3667 2244 3793 2307 illis
3840 2242 4090 2307 duobus

758 2361 995 2426 relictis
1040 2384 1076 2427 a
1127 2363 1270 2428 Wh.
1317 2364 1607 2428 versibus
1655 2364 2157 2430 Atheniensibus
2201 2367 2567 2451 persuaderi
2612 2369 2893 2450 potuisse
2934 2365 3318 2430 Alcestidem
3366 2367 3684 2426 servatum
3729 2362 3854 2426 iri?
3897 2359 4089 2425 Porro

760 2481 948 2545 aliud.
1039 2484 1303 2567 Apelle,
1370 2489 1703 2569 postquam
1773 2485 1998 2549 frustra
2038 2486 2333 2569 precibus
2378 2490 2439 2550 et
2481 2486 2829 2551 rationibus
2876 2485 3108 2550 Orcum
3154 2486 3230 2549 ad
3280 2482 3766 2547 misericordiam
3817 2501 4088 2546 commo·

754 2622 898 2666 vere
944 2607 1208 2667 conatus
1253 2608 1380 2686 est,
1447 2607 1537 2669 ira
1605 2612 1957 2670 commotus
2023 2606 2324 2670 minando
2389 2605 2619 2669 Orcum
2687 2611 2904 2689 coepto
2971 2605 3284 2669 deterrere
3346 2603 3501 2667 vult.
3610 2600 3889 2665 Putasne
3953 2601 4093 2665 fieri

748 2722 1067 2804 potuisse,
1137 2727 1204 2786 ut
1244 2722 1584 2808 Euripides
1631 2727 1990 2810 Apollinem
2037 2727 2196 2790 nihil
2241 2726 2412 2790 aliud
2450 2727 2794 2789 minantem
2858 2725 3090 2806 fecerit,
3155 2725 3309 2787 nisi:
3382 2722 3524 2785 talis
3570 2724 3668 2785 vir
3711 2723 3775 2785 in
3825 2722 4085 2786 domum

748 2839 1034 2906 Pheretis
1082 2845 1334 2907 veniet!
1400 2842 1591 2908 Pueri
1656 2846 1859 2910 timidi
1904 2845 2134 2911 talibus
2175 2848 2368 2910 minis
2430 2848 2643 2910 terreri
2689 2847 2920 2927 solent,
2985 2865 3108 2909 non
3157 2845 3258 2908 dei
3301 2844 3633 2927 potentes!
3702 2842 3924 2927 Itaque
3969 2843 4085 2907 hac

746 2981 959 3026 rerum
1026 2962 1377 3027 futurarum
1443 2966 1892 3030 vaticinatione
1960 2985 2075 3028 nos
2139 2985 2349 3029 carere
2405 2986 2532 3030 non
2596 2985 2783 3049 posse
2841 2963 3137 3029 omnibus
3200 2982 3572 3047 persuasum
3616 2981 3759 3026 esse
3819 2963 4083 3026 confido.

750 3086 1046 3147 Attamen
1084 3103 1213 3147 uno
1242 3083 1376 3147 loco
1409 3085 1633 3148 tradita
1665 3086 1973 3168 scriptura
2004 3086 2155 3148 mihi
2192 3087 2493 3150 mutanda
2529 3086 2813 3168 vide-tur,
2856 3105 3238 3170 quamquam
3286 3085 3347 3148 id
3391 3104 3633 3167 unum,
3679 3084 3845 3167 quod
3877 3082 4086 3146 Whel.

753 3205 1075 3267 neminem
1143 3203 1479 3269 defendere
1548 3224 1736 3289 posse
1779 3207 1993 3287 iactat,
2060 3209 2414 3271 rectissime
2459 3211 2607 3287 stat,
2673 3207 2811 3270 dico
2879 3206 3356 3269 collocationem
3400 3204 3886 3285 praepositionis
3930 3201 4087 3288 μέτα

749 3345 807 3386 v.
851 3324 960 3391 66.
1042 3325 1202 3389 Nam
1248 3326 1732 3410 praepositionis
1774 3327 1862 3389 ita
1902 3329 2179 3409 positae,
2222 3331 2293 3391 ut
2335 3327 2452 3391 hoc
2495 3328 2653 3403 loce,
2700 3332 2768 3391 ut
2809 3326 3187 3390 vocabulum
3212 3376 3227 3406 ,
3274 3322 3443 3408 quod
3482 3324 3645 3407 regit
3688 3325 4089 3407 praepositiO,

753 3445 945 3510 altero
988 3446 1242 3510 demum
1289 3465 1477 3510 versu
1528 3451 1847 3530 sequatur,
1887 3447 2039 3511 haec
2083 3467 2165 3511 ex
2210 3447 2512 3533 Euripide
2556 3450 2864 3533 exscripsi
2910 3446 3236 3529 exempla:
3284 3443 3506 3509 Electr.
3552 3443 3671 3506 617

2517 3563 2839 3653 ὑψηλῶν
2896 3559 3085 3629 δ’ἔπι

1658 3712 1689 3749 ν
1711 3694 1854 3751 αῶν
1896 3689 2137 3755 τέθεικε
2183 3694 2376 3753 σκῦλα
2419 3694 2672 3753 πλεῖστα
2716 3680 3035 3775 βαρβάρων.

1074 3812 1273 3881 Andr.
1319 3813 1461 3876 887.

1993 3922 2166 3994 δοκεῖ
2205 3954 2307 4017 μοι
2350 3922 2764 4015 ξυγγενοῦς
2807 3935 3023 4016 μαθεῖν
3065 3928 3226 4015 πέρι

1667 4046 2038 4138 γυναικὸς,
2085 4058 2136 4114 εἰ
2173 4044 2245 4134 ζῇ
2292 4050 2667 4137 κεύτυχοῦσα
2696 4041 2994 4135 τυγχάνει.

1073 4171 1219 4235 Jon.
1273 4173 1414 4235 262.
1464 4173 1566 4245 63,

1658 4287 1708 4356 ὦ
1754 4287 1986 4357 κλεινὸν
2028 4289 2234 4367 οἰκοῦς’
2287 4286 2457 4371 ἄστυ,
2501 4291 2865 4377 γενναίων
2906 4288 2956 4353 τ’
3006 4311 3148 4352 απο

1664 4423 1954 4501 τραφεῖσα
1997 4411 2361 4499 πατέρων,
2399 4410 2481 4486 ὥς
2518 4434 2583 4474 σε
2623 4403 2939 4497 θαυμάζω,
2981 4402 3169 4495 γύναι.

1074 4535 1327 4620 Cyclop.
1373 4538 1513 4600 283.

2404 4662 2612 4734 οἵτινες
2659 4661 2826 4744 μιᾶς
2866 4648 3081 4743 χάριν

1656 4774 2004 4864 γυναικὸς
2047 4772 2429 4855 ἑξεπλευσατ’
2483 4785 2561 4854 εἰς
2601 4787 2776 4862 γαῖαν
2816 4777 3084 4864 Φρυγῶν.

1078 4898 1400 4968 Heraclid.
1444 4899 1584 4964 234.

2152 5020 2295 5086 ὥστ’
2344 5020 2850 5087 Ἀτλαντικῶν
2892 5019 3082 5105 πέρα

1665 5135 1916 5230 φεύγειν
1953 5144 2132 5231 ὅρων
2176 5138 2247 5205 οἲν
2286 5135 2478 5225 δειλία
2517 5136 2745 5227 τούμὸν
2787 5132 2943 5229 δόρυ.
