4609 5692
2169 442 2608 514 -3...

713 657 914 738 poeta.
1023 652 1255 739 Lega8‚
1317 674 1581 740 quaese,
1645 676 1808 739 quae
1886 658 1951 719 in
2021 660 2342 722 exstrema
2407 655 2620 721 fabula
2679 655 2994 721 Hercules
3053 655 3323 720 Admeto
3385 654 3536 719 dicit
3594 656 3880 739 miranti,
3944 675 4055 720 cur

719 773 993 837 Alcestis
1033 794 1292 858 prorsus
1335 778 1536 840 taceat
1591 795 1652 843 v,
1699 775 2029 840 1144-46

1552 889 1716 957 οὔπω
1760 895 1934 982 θέμις
1976 919 2068 959 σοι
2108 889 2296 967 τῆσδε
2343 888 2868 985 προςφωνημάτων

1550 1009 1768 1097 κλύειν,
1811 1018 1978 1104 πρὶν
2014 1013 2096 1080 οἷν
2140 1023 2387 1081 θεοῖσι
2431 1029 2625 1083 τοῖσι
2664 1018 3038 1106 νερτέροις

1548 1136 1635 1226 ἀφ
1652 1138 2059 1224 αγνίσηται
2099 1140 2199 1201 καὶ
2242 1139 2441 1226 τρίτον
2485 1130 2641 1224 μόλῃ
2688 1130 2855 1226 φάος.

715 1258 855 1324 Hoc
899 1257 1403 1347 ἀφαγνίσηται
1461 1259 1623 1324 redit
1666 1261 1806 1323 sine
1843 1257 2037 1324 dubio
2084 1260 2160 1323 ad
2203 1259 2311 1324 illa
2370 1261 2568 1325 nostri
2611 1261 2733 1323 loci
2781 1258 2972 1324 verba
3011 1281 3071 1323 v.
3119 1260 3196 1323 76
3245 1258 3388 1325 ὅτου
3431 1251 3560 1325 τόδ’
3616 1263 3796 1347 ἔγχος
3838 1254 4060 1347 κρατὸς

592 1414 595 1415 ⁷
721 1373 989 1466 ἀγνίση
1051 1380 1244 1468 τρίχα.
1329 1379 1663 1445 Praeterea
1706 1380 1829 1444 alio
1874 1380 2010 1444 loco
2053 1384 2240 1462 poeta
2275 1378 2665 1444 Alcestidem
2709 1378 2786 1444 ab
2834 1379 2994 1445 Oreo
3040 1387 3466 1467 consecratam
3515 1401 3659 1447 esso
3703 1385 3916 1465 aperte
3962 1384 4061 1444 in-

718 1499 926 1565 dicare
967 1499 1231 1564 videtur.
1343 1499 1557 1564 Velim
1601 1497 1945 1563 recorderis
1984 1499 2160 1562 illius
2208 1518 2511 1581 scaenae,
2577 1519 2704 1583 qua
2767 1501 3041 1564 Alcestis
3086 1500 3466 1566 moribunda
3509 1502 3695 1566 domo
3739 1500 3947 1585 prodit
3993 1506 4057 1565 et

719 1621 916 1685 solem
960 1625 1317 1705 terramque
1361 1621 1623 1704 patriam
1670 1619 1966 1684 ultimum
2014 1621 2261 1702 salutat,
2307 1640 2433 1704 qua
2476 1618 2826 1684 Charonem
2887 1620 2966 1684 ad
3016 1639 3155 1685 eam
3199 1620 3606 1685 traiciendam
3676 1626 3952 1706 paratam
3997 1627 4059 1685 et

718 1742 1067 1806 hortantem
1113 1746 1183 1805 ut
1222 1741 1514 1823 festinet,
1577 1744 1860 1825 spectare
1904 1740 2025 1804 sibi
2052 1740 2351 1823 ‘videtur‚
2411 1760 2539 1824 qua
2580 1760 2760 1824 porro
2806 1739 3040 1805 Orcum
3085 1740 3409 1805 volucrem
3475 1742 3602 1805 iam
3657 1740 3780 1806 sibi
3830 1761 4057 1807 manus

716 1862 1110 1945 inicientem,
1149 1865 1221 1925 ut
1263 1861 1551 1944 abducat,
1596 1861 1831 1925 sentire
1876 1860 1997 1924 sibi
2043 1862 2313 1925 videtur.
2401 1861 2676 1933 Alcestis
2717 1863 3041 1945 perterrita
3085 1861 3398 1926 exclamat
3438 1881 3498 1923 v.
3544 1863 3667 1926 259
3711 1867 3773 1925 ct
3816 1881 3953 1946 sqq.

1386 1974 1520 2067 ἄγει
1564 1978 1624 2066 μ’
1674 1974 1813 2066 ἄγει
1852 1980 1930 2065 μέ
1957 2005 2048 2055 τις
2080 1979 2195 2066 οὐχ
2224 1973 2394 2068 ὁρᾶςς

1386 2090 1612 2163 νεκύων
1655 2100 1715 2174 ἐς
1753 2094 1942 2162 αὐλὰν
3268 2103 3392 2167 260

1386 2213 1475 2282 ὑπ’
1527 2211 1735 2307 ὀφρύσι
1776 2218 2130 2305 κυαναυγέσι
2172 2218 2410 2301 βλέπων
2449 2216 2756 2308 πτερωτὸς
2801 2213 3008 2295 Αἵδας.

1390 2341 1573 2424 μέθες
1616 2363 1708 2426 με.
1796 2340 1864 2403 τί
1926 2332 2194 2427 ρέξεις;
2244 2334 2410 2427 ἄφες.
2499 2342 2624 2403 οἵαν

1390 2453 1531 2524 ὁδὸν
1574 2454 1615 2522 ἁ
1655 2450 2051 2523 δειλαιοτάτα
2094 2461 2408 2547 προβαίνω.

722 2580 878 2647 Mihi
924 2582 1179 2667 quidem
1226 2602 1285 2643 v.
1334 2582 1457 2645 284
1499 2580 1656 2645 illud
1688 2579 1953 2645 verbum
1997 2572 2177 2668 ρέξεις
2220 2601 2349 2645 non
2396 2584 2535 2646 sine
2579 2600 2772 2648 causa
2810 2587 3090 2667 positum
3135 2604 3279 2650 esse
3310 2584 3579 2668 videtur,
3624 2585 3774 2669 quia
3820 2586 4063 2668 saepis-

723 2706 884 2769 sime
927 2702 1116 2770 habot
1155 2703 1478 2767 notionem
1525 2702 1938 2767 sacrificandi.
2028 2703 2202 2767 Usus
2243 2708 2341 2767 est
2384 2705 2501 2769 hoc
2542 2706 2758 2788 verbo,
2801 2707 2950 2789 quia
2981 2703 3213 2769 Orcum
3245 2706 3634 2770 sacerdotem
3669 2712 4057 2770 mortuorum

725 2823 826 2909 (cf.
872 2846 930 2888 v.
977 2826 1084 2906 25)
1124 2824 1328 2888 finxit.
1450 2822 1810 2907 Utrumque
1853 2823 2045 2906 igitur
2089 2821 2367 2888 officium
2413 2824 2556 2890 Orci
2601 2830 2760 2908 erat,
2826 2829 2888 2890 et
2947 2827 3249 2891 feminam
3318 2825 3613 2891 secandis
3679 2826 4057 2891 criminibus

722 2966 1095 3012 consecrare
1137 2950 1202 3012 ot
1240 2948 1316 3012 ad
1362 2947 1597 3011 inferos
1642 2943 1891 3008 ducere.
1999 2947 2086 3008 At
2127 2944 2392 3009 fortasse
2436 2947 2673 3011 multus
2741 2966 2883 3011 sum
2950 2949 3015 3011 in
3053 2966 3122 3012 re
3182 2952 3398 3030 aperta
3464 2949 3837 3030 praesertim
3904 2965 4057 3010 cum

733 3068 897 3132 hanc
941 3066 1086 3132 Orci
1124 3068 1405 3153 gladium
1452 3065 1843 3150 stringentis,
1888 3063 2086 3147 nigris
2133 3064 2250 3128 alis
2292 3064 2559 3148 praediti
2584 3065 2850 3150 figuram
2897 3069 3151 3150 saepius
3190 3065 3460 3131 artifices
3500 3067 3887 3149 pingendam
3933 3063 4056 3128 sibi

720 3188 1131 3273 proposuisse
1175 3185 1471 3251 omnibus
1516 3188 1734 3249 notum
1778 3184 1897 3266 sit,
1960 3203 2149 3267 quam
2212 3183 2483 3268 figuram
2526 3206 2610 3251 ex
2652 3186 2957 3271 Euripide
3002 3188 3356 3271 sumpsisse
3396 3190 3895 3251 consentaneum
3937 3188 4054 3249 est.

721 3308 850 3392 Ea,
891 3327 1054 3393 quae
1096 3310 1422 3391 praeterea
1463 3305 1542 3393 de
1585 3305 2068 3390 praepositionis
2114 3298 2276 3365 κατὰ
2319 3323 2445 3369 usu
2490 3305 2804 3385 disseruit,
2872 3307 3009 3391 ipse
3047 3306 3239 3371 huius
3283 3306 3404 3371 loci
3449 3307 3878 3371 auctoritatem
3926 3322 4055 3367 non

722 3429 1068 3514 infringere
1112 3425 1460 3494 confitetur.

1053 3548 1280 3633 Neque
1325 3547 1570 3612 minore
1615 3545 1878 3611 audacia
1935 3564 2162 3610 versus
2228 3546 2562 3610 141--145
2602 3550 2680 3616 et.
2729 3547 2849 3611 148
2892 3550 2960 3612 et
2988 3548 3090 3611 49.
3157 3544 3470 3610 tollendos
3527 3546 3843 3629 proponit.
3955 3543 4062 3609 Illi

733 3688 964 3737 versus
1006 3671 1072 3734 in
1118 3665 1442 3733 codicibus
1487 3665 1579 3729 sic
1622 3665 1947 3750 leguntur:

1393 3783 1529 3872 Θερ.
1621 3787 1720 3848 καὶ
1760 3777 1960 3860 ζῶσαν
2001 3792 2177 3850 εἰπεῖν
2219 3789 2321 3850 καὶ
2363 3790 2663 3850 θανοῦσαν
2707 3789 2835 3848 ἔστι
2880 3808 2991 3849 σοι.

1390 3906 1542 3990 Χορ.
1626 3907 1727 3968 καὶ
1768 3911 1897 3981 πῶς
1939 3902 2011 3969 οἷν
2052 3901 2234 3983 αὑτὸς
2277 3898 2576 3971 κατθάνοι
2619 3929 2688 3970 τε
2730 3909 2831 3970 καὶ
2874 3905 3112 3988 βλέποι;

1394 4024 1498 4089 Θε.
1623 4018 1744 4097 ἤδη
1786 4019 2094 4114 προνωπῆς
2139 4032 2266 4092 ἔστι
2309 4030 2409 4091 καὶ
2453 4026 2824 4115 ψυχορραγεῖ.

1394 4148 1542 4233 Χορ.
1631 4139 1682 4209 ὦ
1726 4152 1973 4235 τλῆμον,
2020 4151 2145 4224 οἵας
2187 4145 2304 4224 οἷος
2348 4145 2431 4212 ὢν
2482 4142 2852 4237 ἁμαρτάνεις.

1395 4265 1532 4354 Θερ,
1619 4259 1785 4329 οὔπω
1828 4258 1958 4330 τόδ’
2011 4259 2135 4330 οἶδε
2179 4259 2494 4348 δεσπότης,
2537 4271 2663 4356 πρὶν
2703 4265 2776 4333 ἄν
2815 4260 2990 4353 πάθῃ
3412 4269 3532 4331 145

1394 4388 1541 4462 Χος.
1631 4388 1795 4462 ἐλπὶς
1838 4386 1945 4472 μὲν
1988 4381 2176 4451 οὕκετ’
2230 4388 2360 4451 ἐστι
2403 4380 2711 4464 σώζεσθαι
2740 4390 2897 4473 βίον,

1396 4506 1531 4594 Θερ.
1620 4507 1993 4595 Πεπρωμένη
2035 4505 2148 4598 γὰρ
2188 4505 2380 4599 ’ἱμέρα
2423 4504 2711 4594 βιάζεται.

1396 4627 1544 4714 Χορ.
1633 4626 1846 4692 οὐκοῦν
1886 4626 1972 4691 ἐπ’
2026 4634 2182 4713 αυτῆ
2223 4622 2552 4718 πράσσεται
2592 4628 2675 4696 τὰ
2718 4624 3016 4721 σύμφορα,

1399 4746 1539 4835 Θερ.
1626 4740 1851 4834 κόσμος
1890 4747 1943 4835 γ’
1997 4748 2250 4837 ἕτοιμος,
2297 4741 2347 4834 ᾧ
2388 4775 2500 4841 σφε
2541 4747 2833 4842 συνθάψει
2874 4745 3062 4830 πόσις.

1396 4869 1543 4956 Χορ.
1631 4873 1782 4934 ἴστω
1827 4896 1922 4935 νυν
1965 4865 2212 4949 εὐκλεής
2246 4897 2319 4960 γε
2365 4879 2827 4965 κατθανουμένη
3416 4878 3535 4946 150

1641 4985 1787 5081 γυνή
1825 4990 1875 5055 τ’
1929 4990 2136 5081 ἀρίστη
2179 4999 2305 5058 τῶν
2348 4992 2438 5085 ὑφ’
2491 4993 2644 5081 ἡλίῳ
2689 5007 2916 5091 μακρῷ.

738 5112 950 5197 Atque
993 5116 1265 5200 primum
1309 5117 1583 5200 quaerit,
1650 5117 1803 5201 quid
1863 5115 1985 5180 sibi
2048 5118 2203 5182 velit
2262 5121 2418 5185 illud
2483 5119 2591 5207 μὲν
2634 5144 2693 5186 v.
2741 5125 2861 5188 146
2929 5129 2990 5189 et
3041 5125 3206 5190 hanc
3252 5126 3542 5191 voculam
3600 5127 3666 5188 in
3734 5129 3848 5193 hac
3893 5130 4062 5194 chori
