<?xml version="1.0" encoding="UTF-8"?>
<!DOCTYPE html PUBLIC "-//W3C//DTD XHTML 1.0 Transitional//EN"
    "http://www.w3.org/TR/xhtml1/DTD/xhtml1-transitional.dtd">
<html xmlns="http://www.w3.org/1999/xhtml" xml:lang="en" lang="en">
 <head>
  <title>
</title>
<meta http-equiv="Content-Type" content="text/html;charset=utf-8" />
  <meta name='ocr-system' content='tesseract 3.04.00' />
  <meta name='ocr-capabilities' content='ocr_page ocr_carea ocr_par ocr_line ocrx_word'/>
</head>
<body>
  <div class='ocr_page' id='page_1' title='image "./analectaeuripid00rassgoog_0029.png"; bbox 0 0 4609 5692; ppageno 0'>
   <div class='ocr_carea' id='block_1_1' title="bbox 1977 388 2489 461">
    <p class='ocr_par' dir='ltr' id='par_1_1' title="bbox 1977 388 2489 461">
     <span class='ocr_line' id='line_1_1' title="bbox 1977 388 2489 461; baseline 0 -23"><span class='ocrx_word' id='word_1_1' title='bbox 1977 388 2489 461; x_wconf 71' lang='lat'>..25—</span> 
     </span>
    </p>
   </div>
   <div class='ocr_carea' id='block_1_2' title="bbox 523 587 3911 3438">
    <p class='ocr_par' dir='ltr' id='par_1_2' title="bbox 547 587 3911 1399">
     <span class='ocr_line' id='line_1_2' title="bbox 553 587 3907 684; baseline 0.001 -26"><span class='ocrx_word' id='word_1_2' title='bbox 553 614 768 677; x_wconf 86' lang='lat' dir='ltr'>quam,</span> <span class='ocrx_word' id='word_1_3' title='bbox 812 598 880 657; x_wconf 89' lang='lat' dir='ltr'>ut</span> <span class='ocrx_word' id='word_1_4' title='bbox 919 600 1063 678; x_wconf 88' lang='lat' dir='ltr'>post</span> <span class='ocrx_word' id='word_1_5' title='bbox 1103 587 1208 668; x_wconf 81' lang='grc' dir='ltr'>δὸς</span> <span class='ocrx_word' id='word_1_6' title='bbox 1249 589 1385 680; x_wconf 67' lang='grc' dir='ltr'>ἡμῖν</span> <span class='ocrx_word' id='word_1_7' title='bbox 1431 597 1928 681; x_wconf 85' lang='lat' dir='ltr'>interpungatur.</span> <span class='ocrx_word' id='word_1_8' title='bbox 2016 597 2160 662; x_wconf 83' lang='lat' dir='ltr'>Tria</span> <span class='ocrx_word' id='word_1_9' title='bbox 2206 598 2515 662; x_wconf 88' lang='lat' dir='ltr'>habemus</span> <span class='ocrx_word' id='word_1_10' title='bbox 2559 599 2889 662; x_wconf 84' lang='lat' dir='ltr'>enuntiata</span> <span class='ocrx_word' id='word_1_11' title='bbox 2932 600 3099 663; x_wconf 90' lang='lat' dir='ltr'>inter</span> <span class='ocrx_word' id='word_1_12' title='bbox 3144 619 3214 664; x_wconf 90' lang='lat' dir='ltr'>se</span> <span class='ocrx_word' id='word_1_13' title='bbox 3259 620 3373 684; x_wconf 89' lang='lat' dir='ltr'>per</span> <span class='ocrx_word' id='word_1_14' title='bbox 3414 598 3487 661; x_wconf 82' lang='grc' dir='ltr'><em>τέ</em></span> <span class='ocrx_word' id='word_1_15' title='bbox 3546 599 3907 662; x_wconf 88' lang='lat' dir='ltr'>coniuncta:</span> 
     </span>
     <span class='ocr_line' id='line_1_3' title="bbox 549 706 3909 802; baseline 0.001 -27"><span class='ocrx_word' id='word_1_16' title='bbox 549 717 722 798; x_wconf 80' lang='grc' dir='ltr'>γενοῦ</span> <span class='ocrx_word' id='word_1_17' title='bbox 767 760 781 774; x_wconf 92' lang='grc'>.</span> <span class='ocrx_word' id='word_1_18' title='bbox 814 761 828 774; x_wconf 93' lang='grc'>.</span> <span class='ocrx_word' id='word_1_19' title='bbox 861 761 875 775; x_wconf 95' lang='grc'>.</span> <span class='ocrx_word' id='word_1_20' title='bbox 923 714 1101 776; x_wconf 85' lang='grc' dir='ltr'>λῦσαί</span> <span class='ocrx_word' id='word_1_21' title='bbox 1142 735 1213 776; x_wconf 86' lang='grc' dir='ltr'>τε</span> <span class='ocrx_word' id='word_1_22' title='bbox 1258 760 1271 774; x_wconf 94' lang='grc'>.</span> <span class='ocrx_word' id='word_1_23' title='bbox 1306 762 1365 777; x_wconf 90' lang='grc'>..</span> <span class='ocrx_word' id='word_1_24' title='bbox 1411 706 1517 788; x_wconf 80' lang='grc' dir='ltr'>δὸς</span> <span class='ocrx_word' id='word_1_25' title='bbox 1557 709 1695 801; x_wconf 79' lang='grc' dir='ltr'>ἡμῖν</span> <span class='ocrx_word' id='word_1_26' title='bbox 1735 720 2088 802; x_wconf 80' lang='grc' dir='ltr'>πρευμενοῦς</span> <span class='ocrx_word' id='word_1_27' title='bbox 2128 714 2210 778; x_wconf 82' lang='grc' dir='ltr'>τ’.</span> <span class='ocrx_word' id='word_1_28' title='bbox 2297 718 2424 780; x_wconf 88' lang='lat' dir='ltr'>Ars</span> <span class='ocrx_word' id='word_1_29' title='bbox 2466 719 2878 799; x_wconf 83' lang='lat' dir='ltr'>grammatica</span> <span class='ocrx_word' id='word_1_30' title='bbox 2922 717 3184 800; x_wconf 89' lang='lat' dir='ltr'>quidem</span> <span class='ocrx_word' id='word_1_31' title='bbox 3229 736 3356 781; x_wconf 88' lang='lat' dir='ltr'>nou</span> <span class='ocrx_word' id='word_1_32' title='bbox 3415 718 3704 801; x_wconf 87' lang='lat' dir='ltr'>impedit,</span> <span class='ocrx_word' id='word_1_33' title='bbox 3753 736 3909 801; x_wconf 91' lang='lat' dir='ltr'>quo·</span> 
     </span>
     <span class='ocr_line' id='line_1_4' title="bbox 550 829 3911 922; baseline 0.001 -25"><span class='ocrx_word' id='word_1_34' title='bbox 550 837 763 897; x_wconf 86' lang='lat' dir='ltr'>minus</span> <span class='ocrx_word' id='word_1_35' title='bbox 787 833 981 898; x_wconf 88' lang='lat' dir='ltr'>verba</span> <span class='ocrx_word' id='word_1_36' title='bbox 1009 836 1188 895; x_wconf 88' lang='grc' dir='ltr'>λῦσαι</span> <span class='ocrx_word' id='word_1_37' title='bbox 1216 838 1279 897; x_wconf 92' lang='lat' dir='ltr'>et</span> <span class='ocrx_word' id='word_1_38' title='bbox 1309 839 1511 919; x_wconf 79' lang='grc' dir='ltr'>μολεῖν</span> <span class='ocrx_word' id='word_1_39' title='bbox 1537 836 1815 920; x_wconf 88' lang='lat' dir='ltr'>pendere</span> <span class='ocrx_word' id='word_1_40' title='bbox 1834 842 2135 920; x_wconf 90' lang='lat' dir='ltr'>putemus</span> <span class='ocrx_word' id='word_1_41' title='bbox 2159 856 2242 900; x_wconf 87' lang='lat' dir='ltr'>ex</span> <span class='ocrx_word' id='word_1_42' title='bbox 2264 839 2645 919; x_wconf 85' lang='lat' dir='ltr'>imperativo</span> <span class='ocrx_word' id='word_1_43' title='bbox 2669 829 2772 911; x_wconf 81' lang='grc' dir='ltr'>δὸς</span> <span class='ocrx_word' id='word_1_44' title='bbox 2791 830 2946 922; x_wconf 80' lang='grc' dir='ltr'>ἡμῖν.</span> <span class='ocrx_word' id='word_1_45' title='bbox 3035 840 3123 901; x_wconf 90' lang='lat' dir='ltr'>At</span> <span class='ocrx_word' id='word_1_46' title='bbox 3146 857 3288 901; x_wconf 88' lang='lat' dir='ltr'>mea</span> <span class='ocrx_word' id='word_1_47' title='bbox 3311 837 3569 922; x_wconf 90' lang='lat' dir='ltr'>quidem</span> <span class='ocrx_word' id='word_1_48' title='bbox 3595 838 3911 901; x_wconf 84' lang='lat' dir='ltr'>sententia</span> 
     </span>
     <span class='ocr_line' id='line_1_5' title="bbox 547 953 3910 1041; baseline 0.001 -25"><span class='ocrx_word' id='word_1_49' title='bbox 547 953 939 1017; x_wconf 86' lang='lat' dir='ltr'>infinitivum</span> <span class='ocrx_word' id='word_1_50' title='bbox 981 957 1159 1015; x_wconf 88' lang='grc' dir='ltr'>λῦσαι</span> <span class='ocrx_word' id='word_1_51' title='bbox 1203 956 1435 1019; x_wconf 88' lang='lat' dir='ltr'>melius</span> <span class='ocrx_word' id='word_1_52' title='bbox 1474 975 1587 1039; x_wconf 91' lang='lat' dir='ltr'>pro</span> <span class='ocrx_word' id='word_1_53' title='bbox 1634 957 2005 1040; x_wconf 87' lang='lat' dir='ltr'>imperativo</span> <span class='ocrx_word' id='word_1_54' title='bbox 2061 961 2432 1040; x_wconf 85' lang='lat' dir='ltr'>usurpatum</span> <span class='ocrx_word' id='word_1_55' title='bbox 2478 956 2810 1021; x_wconf 80' lang='lat' dir='ltr'>credemus</span> <span class='ocrx_word' id='word_1_56' title='bbox 2870 975 2945 1021; x_wconf 87' lang='lat' dir='ltr'>ea</span> <span class='ocrx_word' id='word_1_57' title='bbox 3003 957 3083 1021; x_wconf 90' lang='lat' dir='ltr'>de</span> <span class='ocrx_word' id='word_1_58' title='bbox 3136 975 3361 1039; x_wconf 83' lang='lat' dir='ltr'>causa,</span> <span class='ocrx_word' id='word_1_59' title='bbox 3419 959 3570 1041; x_wconf 87' lang='lat' dir='ltr'>quia</span> <span class='ocrx_word' id='word_1_60' title='bbox 3609 956 3910 1038; x_wconf 86' lang='lat' dir='ltr'>Achilles,</span> 
     </span>
     <span class='ocr_line' id='line_1_6' title="bbox 548 1066 3909 1160; baseline 0.001 -24"><span class='ocrx_word' id='word_1_61' title='bbox 548 1093 738 1156; x_wconf 87' lang='lat' dir='ltr'>quem</span> <span class='ocrx_word' id='word_1_62' title='bbox 784 1074 1243 1157; x_wconf 78' lang='lat' dir='ltr'><strong>Neoptolemus</strong></span> <span class='ocrx_word' id='word_1_63' title='bbox 1287 1075 1631 1158; x_wconf 83' lang='lat' dir='ltr'>alloquitur</span> <span class='ocrx_word' id='word_1_64' title='bbox 1669 1077 1724 1138; x_wconf 89' lang='lat' dir='ltr'>is</span> <span class='ocrx_word' id='word_1_65' title='bbox 1771 1081 1888 1157; x_wconf 89' lang='lat' dir='ltr'>est,</span> <span class='ocrx_word' id='word_1_66' title='bbox 1933 1077 2044 1158; x_wconf 88' lang='lat' dir='ltr'>qui</span> <span class='ocrx_word' id='word_1_67' title='bbox 2091 1075 2364 1140; x_wconf 85' lang='lat' dir='ltr'>Graecos</span> <span class='ocrx_word' id='word_1_68' title='bbox 2418 1077 2547 1139; x_wconf 88' lang='lat' dir='ltr'>iam</span> <span class='ocrx_word' id='word_1_69' title='bbox 2605 1066 2881 1140; x_wconf 83' lang='lat' dir='ltr'>navibus</span> <span class='ocrx_word' id='word_1_70' title='bbox 2935 1076 3277 1141; x_wconf 84' lang='lat' dir='ltr'>redeuntes</span> <span class='ocrx_word' id='word_1_71' title='bbox 3323 1076 3391 1138; x_wconf 91' lang='lat' dir='ltr'>in</span> <span class='ocrx_word' id='word_1_72' title='bbox 3449 1078 3715 1160; x_wconf 83' lang='lat' dir='ltr'>patriam</span> <span class='ocrx_word' id='word_1_73' title='bbox 3763 1077 3909 1140; x_wconf 88' lang='lat' dir='ltr'>reti-</span> 
     </span>
     <span class='ocr_line' id='line_1_7' title="bbox 547 1194 3527 1279; baseline 0.001 -25"><span class='ocrx_word' id='word_1_74' title='bbox 547 1196 704 1257; x_wconf 86' lang='lat' dir='ltr'><strong>nuit.</strong></span> <span class='ocrx_word' id='word_1_75' title='bbox 795 1194 1015 1277; x_wconf 85' lang='lat' dir='ltr'>Itaquc</span> <span class='ocrx_word' id='word_1_76' title='bbox 1061 1194 1291 1258; x_wconf 89' lang='lat' dir='ltr'>melius</span> <span class='ocrx_word' id='word_1_77' title='bbox 1336 1194 1606 1275; x_wconf 84' lang='lat' dir='ltr'>videtur,</span> <span class='ocrx_word' id='word_1_78' title='bbox 1647 1196 1704 1258; x_wconf 89' lang='lat' dir='ltr'>si</span> <span class='ocrx_word' id='word_1_79' title='bbox 1746 1194 2203 1278; x_wconf 81' lang='lat' dir='ltr'>Neoptolemus</span> <span class='ocrx_word' id='word_1_80' title='bbox 2249 1216 2287 1259; x_wconf 84' lang='lat' dir='ltr'>a</span> <span class='ocrx_word' id='word_1_81' title='bbox 2329 1199 2502 1279; x_wconf 86' lang='lat' dir='ltr'>patre</span> <span class='ocrx_word' id='word_1_82' title='bbox 2546 1197 2720 1279; x_wconf 88' lang='lat' dir='ltr'>petit,</span> <span class='ocrx_word' id='word_1_83' title='bbox 2762 1199 2835 1258; x_wconf 89' lang='lat' dir='ltr'>ut</span> <span class='ocrx_word' id='word_1_84' title='bbox 2875 1198 3016 1278; x_wconf 89' lang='lat' dir='ltr'>ipse</span> <span class='ocrx_word' id='word_1_85' title='bbox 3064 1214 3262 1260; x_wconf 87' lang='lat' dir='ltr'>naves</span> <span class='ocrx_word' id='word_1_86' title='bbox 3308 1195 3527 1260; x_wconf 86' lang='lat' dir='ltr'>solvat.</span> 
     </span>
     <span class='ocr_line' id='line_1_8' title="bbox 882 1312 2798 1399; baseline 0.001 -23"><span class='ocrx_word' id='word_1_87' title='bbox 882 1312 993 1377; x_wconf 90' lang='lat' dir='ltr'>Ion</span> <span class='ocrx_word' id='word_1_88' title='bbox 1044 1314 1166 1377; x_wconf 86' lang='lat'>309</span> <span class='ocrx_word' id='word_1_89' title='bbox 1214 1317 1545 1398; x_wconf 83' lang='lat' dir='ltr'>quaerenti</span> <span class='ocrx_word' id='word_1_90' title='bbox 1591 1313 1886 1396; x_wconf 84' lang='lat' dir='ltr'>Creusae,</span> <span class='ocrx_word' id='word_1_91' title='bbox 1933 1317 2078 1398; x_wconf 90' lang='lat' dir='ltr'>quis</span> <span class='ocrx_word' id='word_1_92' title='bbox 2120 1315 2227 1378; x_wconf 91' lang='lat' dir='ltr'>ille</span> <span class='ocrx_word' id='word_1_93' title='bbox 2272 1317 2374 1397; x_wconf 86' lang='lat' dir='ltr'>sit,</span> <span class='ocrx_word' id='word_1_94' title='bbox 2430 1316 2798 1399; x_wconf 87' lang='lat' dir='ltr'>respondet:</span> 
     </span>
    </p>

    <p class='ocr_par' dir='ltr' id='par_1_3' title="bbox 536 1425 3908 2353">
     <span class='ocr_line' id='line_1_9' title="bbox 1384 1425 2923 1519; baseline -0.001 -23"><span class='ocrx_word' id='word_1_95' title='bbox 1384 1438 1495 1496; x_wconf 82' lang='grc' dir='ltr'>τοῦ</span> <span class='ocrx_word' id='word_1_96' title='bbox 1542 1438 1689 1497; x_wconf 79' lang='grc' dir='ltr'>θεοῦ</span> <span class='ocrx_word' id='word_1_97' title='bbox 1734 1438 2053 1519; x_wconf 78' lang='grc' dir='ltr'>καλοῦμαι,</span> <span class='ocrx_word' id='word_1_98' title='bbox 2099 1426 2315 1508; x_wconf 77' lang='grc' dir='ltr'>δοῦλος</span> <span class='ocrx_word' id='word_1_99' title='bbox 2358 1435 2474 1519; x_wconf 86' lang='grc' dir='ltr'>εἰμί</span> <span class='ocrx_word' id='word_1_100' title='bbox 2514 1432 2592 1513; x_wconf 82' lang='grc' dir='ltr'>τ’,</span> <span class='ocrx_word' id='word_1_101' title='bbox 2639 1427 2689 1497; x_wconf 74' lang='grc' dir='ltr'><strong><em>ὦ</em></strong></span> <span class='ocrx_word' id='word_1_102' title='bbox 2732 1425 2923 1519; x_wconf 75' lang='grc' dir='ltr'>γύναι.</span> 
     </span>
     <span class='ocr_line' id='line_1_10' title="bbox 542 1545 3906 1638; baseline 0 -24"><span class='ocrx_word' id='word_1_103' title='bbox 542 1551 1131 1635; x_wconf 86' lang='lat' dir='ltr'>Interpungendum</span> <span class='ocrx_word' id='word_1_104' title='bbox 1181 1554 1433 1617; x_wconf 87' lang='lat' dir='ltr'>videtur</span> <span class='ocrx_word' id='word_1_105' title='bbox 1473 1558 1617 1638; x_wconf 88' lang='lat' dir='ltr'>post</span> <span class='ocrx_word' id='word_1_106' title='bbox 1660 1557 1978 1638; x_wconf 81' lang='grc' dir='ltr'>καλοῦμαι,</span> <span class='ocrx_word' id='word_1_107' title='bbox 2030 1573 2155 1618; x_wconf 89' lang='lat' dir='ltr'>uon</span> <span class='ocrx_word' id='word_1_108' title='bbox 2204 1559 2348 1638; x_wconf 92' lang='lat' dir='ltr'>post</span> <span class='ocrx_word' id='word_1_109' title='bbox 2390 1545 2621 1627; x_wconf 77' lang='grc' dir='ltr'>δοῦλος.</span> <span class='ocrx_word' id='word_1_110' title='bbox 2707 1553 2825 1619; x_wconf 88' lang='lat' dir='ltr'>Ion</span> <span class='ocrx_word' id='word_1_111' title='bbox 2870 1555 3045 1617; x_wconf 87' lang='lat' dir='ltr'>enim</span> <span class='ocrx_word' id='word_1_112' title='bbox 3098 1553 3274 1616; x_wconf 88' lang='lat' dir='ltr'>dicit:</span> <span class='ocrx_word' id='word_1_113' title='bbox 3340 1552 3545 1616; x_wconf 87' lang='lat' dir='ltr'>Filius</span> <span class='ocrx_word' id='word_1_114' title='bbox 3599 1551 3701 1615; x_wconf 91' lang='lat' dir='ltr'>dei</span> <span class='ocrx_word' id='word_1_115' title='bbox 3761 1569 3906 1615; x_wconf 90' lang='lat' dir='ltr'>esse</span> 
     </span>
     <span class='ocr_line' id='line_1_11' title="bbox 541 1666 3908 1758; baseline 0 -25"><span class='ocrx_word' id='word_1_116' title='bbox 541 1672 715 1734; x_wconf 85' lang='lat' dir='ltr'>dicor</span> <span class='ocrx_word' id='word_1_117' title='bbox 757 1676 819 1735; x_wconf 92' lang='lat' dir='ltr'>et</span> <span class='ocrx_word' id='word_1_118' title='bbox 861 1674 1002 1736; x_wconf 88' lang='lat' dir='ltr'>eius</span> <span class='ocrx_word' id='word_1_119' title='bbox 1048 1691 1275 1737; x_wconf 88' lang='lat' dir='ltr'>servus</span> <span class='ocrx_word' id='word_1_120' title='bbox 1320 1692 1482 1737; x_wconf 88' lang='lat' dir='ltr'>sum.</span> <span class='ocrx_word' id='word_1_121' title='bbox 1571 1675 1655 1736; x_wconf 89' lang='lat' dir='ltr'>At</span> <span class='ocrx_word' id='word_1_122' title='bbox 1700 1676 1755 1737; x_wconf 85' lang='lat' dir='ltr'>si</span> <span class='ocrx_word' id='word_1_123' title='bbox 1799 1680 1941 1758; x_wconf 84' lang='lat' dir='ltr'>pest</span> <span class='ocrx_word' id='word_1_124' title='bbox 1980 1666 2196 1747; x_wconf 80' lang='grc' dir='ltr'>δοῦλος</span> <span class='ocrx_word' id='word_1_125' title='bbox 2245 1675 2794 1758; x_wconf 83' lang='lat' dir='ltr'>interpungimuS,</span> <span class='ocrx_word' id='word_1_126' title='bbox 2850 1692 3109 1758; x_wconf 87' lang='lat' dir='ltr'>prorsus</span> <span class='ocrx_word' id='word_1_127' title='bbox 3163 1673 3330 1737; x_wconf 86' lang='lat' dir='ltr'>alius</span> <span class='ocrx_word' id='word_1_128' title='bbox 3387 1690 3620 1737; x_wconf 88' lang='lat' dir='ltr'>sensus</span> <span class='ocrx_word' id='word_1_129' title='bbox 3674 1670 3908 1754; x_wconf 86' lang='lat' dir='ltr'>evadit,</span> 
     </span>
     <span class='ocr_line' id='line_1_12' title="bbox 540 1791 3907 1876; baseline 0 -23"><span class='ocrx_word' id='word_1_130' title='bbox 540 1811 770 1875; x_wconf 86' lang='lat' dir='ltr'>nempe</span> <span class='ocrx_word' id='word_1_131' title='bbox 817 1793 943 1855; x_wconf 84' lang='lat' dir='ltr'>hic:</span> <span class='ocrx_word' id='word_1_132' title='bbox 989 1793 1229 1856; x_wconf 85' lang='lat' dir='ltr'>Servus</span> <span class='ocrx_word' id='word_1_133' title='bbox 1273 1792 1376 1856; x_wconf 90' lang='lat' dir='ltr'>dei</span> <span class='ocrx_word' id='word_1_134' title='bbox 1421 1813 1566 1856; x_wconf 89' lang='lat' dir='ltr'>esse</span> <span class='ocrx_word' id='word_1_135' title='bbox 1610 1795 1784 1857; x_wconf 88' lang='lat' dir='ltr'>dicer</span> <span class='ocrx_word' id='word_1_136' title='bbox 1826 1797 1889 1857; x_wconf 89' lang='lat' dir='ltr'>et</span> <span class='ocrx_word' id='word_1_137' title='bbox 1932 1812 2099 1872; x_wconf 86' lang='lat' dir='ltr'>sum,</span> <span class='ocrx_word' id='word_1_138' title='bbox 2145 1813 2181 1857; x_wconf 95' lang='lat' dir='ltr'>o</span> <span class='ocrx_word' id='word_1_139' title='bbox 2225 1794 2479 1857; x_wconf 88' lang='lat' dir='ltr'>femina.</span> <span class='ocrx_word' id='word_1_140' title='bbox 2567 1795 2653 1858; x_wconf 84' lang='lat' dir='ltr'>At</span> <span class='ocrx_word' id='word_1_141' title='bbox 2694 1794 2802 1858; x_wconf 88' lang='lat' dir='ltr'>illa</span> <span class='ocrx_word' id='word_1_142' title='bbox 2845 1795 3279 1876; x_wconf 81' lang='lat' dir='ltr'>interpretatio</span> <span class='ocrx_word' id='word_1_143' title='bbox 3323 1793 3519 1857; x_wconf 88' lang='lat' dir='ltr'>huius</span> <span class='ocrx_word' id='word_1_144' title='bbox 3564 1791 3685 1854; x_wconf 92' lang='lat' dir='ltr'>loci</span> <span class='ocrx_word' id='word_1_145' title='bbox 3726 1809 3907 1874; x_wconf 87' lang='lat' dir='ltr'>prae·</span> 
     </span>
     <span class='ocr_line' id='line_1_13' title="bbox 538 1904 3906 1999; baseline 0 -27"><span class='ocrx_word' id='word_1_146' title='bbox 538 1910 796 1975; x_wconf 80' lang='lat' dir='ltr'>ferenda</span> <span class='ocrx_word' id='word_1_147' title='bbox 839 1916 957 1994; x_wconf 88' lang='lat' dir='ltr'>est,</span> <span class='ocrx_word' id='word_1_148' title='bbox 1002 1914 1155 1994; x_wconf 90' lang='lat' dir='ltr'>quia</span> <span class='ocrx_word' id='word_1_149' title='bbox 1198 1933 1255 1974; x_wconf 89' lang='lat' dir='ltr'>v.</span> <span class='ocrx_word' id='word_1_150' title='bbox 1306 1912 1425 1974; x_wconf 89' lang='grc'>311</span> <span class='ocrx_word' id='word_1_151' title='bbox 1494 1914 1763 1977; x_wconf 88' lang='lat' dir='ltr'>redeunt</span> <span class='ocrx_word' id='word_1_152' title='bbox 1824 1911 2018 1976; x_wconf 85' lang='lat' dir='ltr'>verba</span> <span class='ocrx_word' id='word_1_153' title='bbox 2082 1904 2301 1986; x_wconf 80' lang='grc' dir='ltr'>Λοξίου</span> <span class='ocrx_word' id='word_1_154' title='bbox 2344 1904 2723 1999; x_wconf 79' lang='grc' dir='ltr'>κεκλήμεθα,</span> <span class='ocrx_word' id='word_1_155' title='bbox 2768 1932 2934 1996; x_wconf 86' lang='lat' dir='ltr'>quae</span> <span class='ocrx_word' id='word_1_156' title='bbox 2989 1915 3131 1976; x_wconf 90' lang='lat' dir='ltr'>sine</span> <span class='ocrx_word' id='word_1_157' title='bbox 3195 1911 3391 1976; x_wconf 88' lang='lat' dir='ltr'>dubio</span> <span class='ocrx_word' id='word_1_158' title='bbox 3436 1913 3786 1995; x_wconf 89' lang='lat' dir='ltr'>respiciunt</span> <span class='ocrx_word' id='word_1_159' title='bbox 3829 1910 3906 1975; x_wconf 86' lang='lat' dir='ltr'>ad</span> 
     </span>
     <span class='ocr_line' id='line_1_14' title="bbox 537 2030 3902 2117; baseline 0 -26"><span class='ocrx_word' id='word_1_160' title='bbox 537 2030 733 2095; x_wconf 86' lang='lat' dir='ltr'>verba</span> <span class='ocrx_word' id='word_1_161' title='bbox 792 2036 903 2093; x_wconf 85' lang='grc' dir='ltr'>τοῦ</span> <span class='ocrx_word' id='word_1_162' title='bbox 966 2036 1117 2095; x_wconf 79' lang='grc' dir='ltr'>θεοῦ</span> <span class='ocrx_word' id='word_1_163' title='bbox 1181 2034 1501 2117; x_wconf 85' lang='grc' dir='ltr'>καλοῦμαι.</span> <span class='ocrx_word' id='word_1_164' title='bbox 1594 2030 1920 2096; x_wconf 88' lang='lat' dir='ltr'>Discimus</span> <span class='ocrx_word' id='word_1_165' title='bbox 1966 2034 2159 2114; x_wconf 88' lang='lat' dir='ltr'>igitur</span> <span class='ocrx_word' id='word_1_166' title='bbox 2208 2032 2454 2117; x_wconf 88' lang='lat' dir='ltr'>aliquid</span> <span class='ocrx_word' id='word_1_167' title='bbox 2500 2035 2654 2098; x_wconf 86' lang='lat' dir='ltr'>novi</span> <span class='ocrx_word' id='word_1_168' title='bbox 2700 2053 2784 2097; x_wconf 78' lang='lat' dir='ltr'>ex</span> <span class='ocrx_word' id='word_1_169' title='bbox 2830 2034 2948 2096; x_wconf 87' lang='lat' dir='ltr'>hoc</span> <span class='ocrx_word' id='word_1_170' title='bbox 2991 2033 3149 2114; x_wconf 87' lang='lat' dir='ltr'>lece,</span> <span class='ocrx_word' id='word_1_171' title='bbox 3194 2031 3452 2114; x_wconf 88' lang='lat' dir='ltr'>Ionem,</span> <span class='ocrx_word' id='word_1_172' title='bbox 3514 2051 3902 2116; x_wconf 83' lang='lat' dir='ltr'>quamquam</span> 
     </span>
     <span class='ocr_line' id='line_1_15' title="bbox 537 2149 3908 2236; baseline 0 -23"><span class='ocrx_word' id='word_1_173' title='bbox 537 2149 865 2215; x_wconf 80' lang='lat' dir='ltr'>nesciebat</span> <span class='ocrx_word' id='word_1_174' title='bbox 913 2155 973 2213; x_wconf 88' lang='lat' dir='ltr'>et</span> <span class='ocrx_word' id='word_1_175' title='bbox 1017 2157 1260 2233; x_wconf 83' lang='lat' dir='ltr'>patrem</span> <span class='ocrx_word' id='word_1_176' title='bbox 1305 2157 1367 2214; x_wconf 91' lang='lat' dir='ltr'>et</span> <span class='ocrx_word' id='word_1_177' title='bbox 1405 2157 1689 2233; x_wconf 80' lang='lat' dir='ltr'>matrem,</span> <span class='ocrx_word' id='word_1_178' title='bbox 1750 2156 1963 2217; x_wconf 87' lang='lat' dir='ltr'>tamen</span> <span class='ocrx_word' id='word_1_179' title='bbox 2007 2152 2108 2215; x_wconf 89' lang='lat' dir='ltr'>dei</span> <span class='ocrx_word' id='word_1_180' title='bbox 2154 2151 2357 2216; x_wconf 88' lang='lat' dir='ltr'>filium</span> <span class='ocrx_word' id='word_1_181' title='bbox 2408 2154 2806 2218; x_wconf 87' lang='lat' dir='ltr'>nominatum</span> <span class='ocrx_word' id='word_1_182' title='bbox 2850 2170 2995 2217; x_wconf 90' lang='lat' dir='ltr'>esse</span> <span class='ocrx_word' id='word_1_183' title='bbox 3041 2172 3080 2216; x_wconf 85' lang='lat' dir='ltr'>a</span> <span class='ocrx_word' id='word_1_184' title='bbox 3123 2150 3393 2235; x_wconf 91' lang='lat' dir='ltr'>Delphis</span> <span class='ocrx_word' id='word_1_185' title='bbox 3449 2154 3602 2236; x_wconf 78' lang='lat' dir='ltr'>quia</span> <span class='ocrx_word' id='word_1_186' title='bbox 3654 2170 3908 2234; x_wconf 88' lang='lat' dir='ltr'>semper</span> 
     </span>
     <span class='ocr_line' id='line_1_16' title="bbox 536 2270 1378 2353; baseline 0.001 -21"><span class='ocrx_word' id='word_1_187' title='bbox 536 2272 599 2333; x_wconf 90' lang='lat' dir='ltr'>in</span> <span class='ocrx_word' id='word_1_188' title='bbox 647 2270 883 2353; x_wconf 88' lang='lat' dir='ltr'>templo</span> <span class='ocrx_word' id='word_1_189' title='bbox 929 2276 1221 2335; x_wconf 87' lang='lat' dir='ltr'>versatus</span> <span class='ocrx_word' id='word_1_190' title='bbox 1265 2277 1378 2335; x_wconf 85' lang='lat' dir='ltr'>est.</span> 
     </span>
    </p>

    <p class='ocr_par' dir='ltr' id='par_1_4' title="bbox 868 2388 3533 2459">
     <span class='ocr_line' id='line_1_17' title="bbox 868 2388 3533 2459; baseline 0.001 -8"><span class='ocrx_word' id='word_1_191' title='bbox 868 2388 1064 2454; x_wconf 91' lang='lat' dir='ltr'>Paule</span> <span class='ocrx_word' id='word_1_192' title='bbox 1111 2392 1327 2455; x_wconf 90' lang='lat' dir='ltr'>minus</span> <span class='ocrx_word' id='word_1_193' title='bbox 1370 2391 1606 2458; x_wconf 90' lang='lat' dir='ltr'>dubius</span> <span class='ocrx_word' id='word_1_194' title='bbox 1652 2395 1806 2458; x_wconf 86' lang='lat' dir='ltr'>mihi</span> <span class='ocrx_word' id='word_1_195' title='bbox 1851 2395 2102 2459; x_wconf 87' lang='lat' dir='ltr'>videtur</span> <span class='ocrx_word' id='word_1_196' title='bbox 2146 2396 2313 2459; x_wconf 90' lang='lat' dir='ltr'>alius</span> <span class='ocrx_word' id='word_1_197' title='bbox 2360 2394 2539 2459; x_wconf 90' lang='lat' dir='ltr'>locus</span> <span class='ocrx_word' id='word_1_198' title='bbox 2584 2395 2828 2459; x_wconf 89' lang='lat' dir='ltr'>Orestis</span> <span class='ocrx_word' id='word_1_199' title='bbox 2871 2392 3122 2458; x_wconf 84' lang='lat' dir='ltr'>fabulae</span> <span class='ocrx_word' id='word_1_200' title='bbox 3166 2393 3533 2457; x_wconf 83' lang='lat'>895-897:</span> 
     </span>
    </p>

    <p class='ocr_par' dir='ltr' id='par_1_5' title="bbox 1366 2506 2735 2601">
     <span class='ocr_line' id='line_1_18' title="bbox 1366 2506 2735 2601; baseline 0.003 -27"><span class='ocrx_word' id='word_1_201' title='bbox 1366 2506 1440 2574; x_wconf 81' lang='grc' dir='ltr'>τὸ</span> <span class='ocrx_word' id='word_1_202' title='bbox 1485 2507 1598 2599; x_wconf 75' lang='grc' dir='ltr'>γὰρ</span> <span class='ocrx_word' id='word_1_203' title='bbox 1641 2513 1810 2599; x_wconf 83' lang='grc' dir='ltr'>γένος</span> <span class='ocrx_word' id='word_1_204' title='bbox 1851 2520 2153 2578; x_wconf 83' lang='grc' dir='ltr'>τοιοῦτον·</span> <span class='ocrx_word' id='word_1_205' title='bbox 2202 2516 2297 2578; x_wconf 72' lang='grc' dir='ltr'>ἐπὶ</span> <span class='ocrx_word' id='word_1_206' title='bbox 2339 2510 2447 2577; x_wconf 86' lang='grc' dir='ltr'>τὸν</span> <span class='ocrx_word' id='word_1_207' title='bbox 2490 2512 2735 2601; x_wconf 80' lang='grc' dir='ltr'>εὐτυχῆ,</span> 
     </span>
    </p>

    <p class='ocr_par' dir='ltr' id='par_1_6' title="bbox 1364 2623 2801 2721">
     <span class='ocr_line' id='line_1_19' title="bbox 1364 2623 2801 2721; baseline 0.003 -28"><span class='ocrx_word' id='word_1_208' title='bbox 1364 2623 1591 2702; x_wconf 70' lang='grc' dir='ltr'>πηδῶἅ</span> <span class='ocrx_word' id='word_1_209' title='bbox 1647 2631 1739 2696; x_wconf 78' lang='grc' dir='ltr'>ἀεὶ</span> <span class='ocrx_word' id='word_1_210' title='bbox 1782 2626 2055 2721; x_wconf 75' lang='grc' dir='ltr'>κήρυκες·</span> <span class='ocrx_word' id='word_1_211' title='bbox 2104 2627 2209 2698; x_wconf 75' lang='grc' dir='ltr'>ὅδε</span> <span class='ocrx_word' id='word_1_212' title='bbox 2254 2628 2312 2697; x_wconf 83' lang='grc' dir='ltr'>δ’</span> <span class='ocrx_word' id='word_1_213' title='bbox 2370 2633 2572 2708; x_wconf 81' lang='grc' dir='ltr'>αὐτοῖς</span> <span class='ocrx_word' id='word_1_214' title='bbox 2613 2635 2801 2721; x_wconf 80' lang='grc' dir='ltr'>φίλος,</span> 
     </span>
    </p>

    <p class='ocr_par' dir='ltr' id='par_1_7' title="bbox 523 2743 3904 3438">
     <span class='ocr_line' id='line_1_20' title="bbox 1368 2743 2747 2838; baseline -0.001 -24"><span class='ocrx_word' id='word_1_215' title='bbox 1368 2749 1433 2825; x_wconf 86' lang='grc' dir='ltr'>ὃς</span> <span class='ocrx_word' id='word_1_216' title='bbox 1475 2747 1548 2813; x_wconf 76' lang='grc' dir='ltr'>ἂν</span> <span class='ocrx_word' id='word_1_217' title='bbox 1590 2743 1857 2831; x_wconf 71' lang='grc' dir='ltr'>δύνηται,</span> <span class='ocrx_word' id='word_1_218' title='bbox 1901 2744 2120 2826; x_wconf 84' lang='grc' dir='ltr'>πόλεος</span> <span class='ocrx_word' id='word_1_219' title='bbox 2165 2755 2226 2814; x_wconf 75' lang='grc' dir='ltr'>ἐν</span> <span class='ocrx_word' id='word_1_220' title='bbox 2267 2750 2318 2813; x_wconf 80' lang='grc' dir='ltr'>τ’</span> <span class='ocrx_word' id='word_1_221' title='bbox 2374 2750 2643 2838; x_wconf 81' lang='grc' dir='ltr'>ἀρχαῖσιν</span> <span class='ocrx_word' id='word_1_222' title='bbox 2687 2743 2747 2833; x_wconf 62' lang='grc' dir='ltr'>ἦ..</span> 
     </span>
     <span class='ocr_line' id='line_1_21' title="bbox 526 2859 3900 2959; baseline -0.001 -26"><span class='ocrx_word' id='word_1_223' title='bbox 526 2869 654 2934; x_wconf 89' lang='lat' dir='ltr'>Hic</span> <span class='ocrx_word' id='word_1_224' title='bbox 698 2874 1042 2955; x_wconf 87' lang='lat' dir='ltr'>quaeritur,</span> <span class='ocrx_word' id='word_1_225' title='bbox 1089 2894 1246 2939; x_wconf 89' lang='lat' dir='ltr'>num</span> <span class='ocrx_word' id='word_1_226' title='bbox 1287 2866 1507 2949; x_wconf 86' lang='grc' dir='ltr'>πόλεος</span> <span class='ocrx_word' id='word_1_227' title='bbox 1549 2876 1888 2959; x_wconf 81' lang='lat' dir='ltr'>genetivus</span> <span class='ocrx_word' id='word_1_228' title='bbox 1934 2895 2082 2939; x_wconf 89' lang='lat' dir='ltr'>cum</span> <span class='ocrx_word' id='word_1_229' title='bbox 2129 2874 2325 2938; x_wconf 88' lang='lat' dir='ltr'>verbo</span> <span class='ocrx_word' id='word_1_230' title='bbox 2370 2865 2619 2943; x_wconf 72' lang='grc' dir='ltr'>δύνηται</span> <span class='ocrx_word' id='word_1_231' title='bbox 2662 2872 2967 2954; x_wconf 87' lang='lat' dir='ltr'>coniungi</span> <span class='ocrx_word' id='word_1_232' title='bbox 3015 2871 3239 2953; x_wconf 88' lang='lat' dir='ltr'>possit,</span> <span class='ocrx_word' id='word_1_233' title='bbox 3282 2871 3369 2933; x_wconf 83' lang='lat' dir='ltr'>ita</span> <span class='ocrx_word' id='word_1_234' title='bbox 3422 2871 3492 2933; x_wconf 92' lang='lat' dir='ltr'>ut</span> <span class='ocrx_word' id='word_1_235' title='bbox 3541 2859 3644 2929; x_wconf 78' lang='grc' dir='ltr'>διὰ</span> <span class='ocrx_word' id='word_1_236' title='bbox 3701 2871 3900 2930; x_wconf 86' lang='grc' dir='ltr'>κοινοῦ</span> 
     </span>
     <span class='ocr_line' id='line_1_22' title="bbox 523 2985 3903 3080; baseline -0.001 -25"><span class='ocrx_word' id='word_1_237' title='bbox 523 2995 803 3074; x_wconf 89' lang='lat' dir='ltr'>positum</span> <span class='ocrx_word' id='word_1_238' title='bbox 851 2997 914 3057; x_wconf 89' lang='lat' dir='ltr'>et</span> <span class='ocrx_word' id='word_1_239' title='bbox 958 2994 1035 3057; x_wconf 86' lang='lat' dir='ltr'>ad</span> <span class='ocrx_word' id='word_1_240' title='bbox 1081 2985 1333 3065; x_wconf 76' lang='grc' dir='ltr'>δύνηται</span> <span class='ocrx_word' id='word_1_241' title='bbox 1389 3000 1453 3058; x_wconf 90' lang='lat' dir='ltr'>et</span> <span class='ocrx_word' id='word_1_242' title='bbox 1505 2995 1584 3058; x_wconf 87' lang='lat' dir='ltr'>ad</span> <span class='ocrx_word' id='word_1_243' title='bbox 1636 2993 1906 3080; x_wconf 78' lang='grc' dir='ltr'>ἀρχαῖσιν</span> <span class='ocrx_word' id='word_1_244' title='bbox 1960 2994 2364 3059; x_wconf 88' lang='lat' dir='ltr'>referendum</span> <span class='ocrx_word' id='word_1_245' title='bbox 2420 2994 2520 3056; x_wconf 90' lang='lat' dir='ltr'>sit.</span> <span class='ocrx_word' id='word_1_246' title='bbox 2630 2990 3009 3056; x_wconf 85' lang='lat' dir='ltr'>Invenimus</span> <span class='ocrx_word' id='word_1_247' title='bbox 3071 3008 3227 3054; x_wconf 87' lang='lat' dir='ltr'>sane</span> <span class='ocrx_word' id='word_1_248' title='bbox 3295 2990 3470 3053; x_wconf 92' lang='lat' dir='ltr'>loces</span> <span class='ocrx_word' id='word_1_249' title='bbox 3531 2989 3903 3071; x_wconf 79' lang='lat' dir='ltr'>nonnulleS,</span> 
     </span>
     <span class='ocr_line' id='line_1_23' title="bbox 526 3100 3903 3199; baseline -0.001 -24"><span class='ocrx_word' id='word_1_250' title='bbox 526 3112 761 3195; x_wconf 89' lang='lat' dir='ltr'>quibus</span> <span class='ocrx_word' id='word_1_251' title='bbox 805 3117 1149 3197; x_wconf 86' lang='lat' dir='ltr'>genetivus</span> <span class='ocrx_word' id='word_1_252' title='bbox 1194 3120 1538 3199; x_wconf 87' lang='lat' dir='ltr'>usurpatur</span> <span class='ocrx_word' id='word_1_253' title='bbox 1580 3115 1655 3179; x_wconf 87' lang='lat' dir='ltr'>ad</span> <span class='ocrx_word' id='word_1_254' title='bbox 1704 3115 1917 3179; x_wconf 89' lang='lat' dir='ltr'>locum</span> <span class='ocrx_word' id='word_1_255' title='bbox 1961 3115 2455 3199; x_wconf 85' lang='lat' dir='ltr'>significandum</span> <span class='ocrx_word' id='word_1_256' title='bbox 2501 3112 2576 3175; x_wconf 87' lang='lat' dir='ltr'>cf.</span> <span class='ocrx_word' id='word_1_257' title='bbox 2623 3111 2696 3175; x_wconf 89' lang='grc'>11.</span> <span class='ocrx_word' id='word_1_258' title='bbox 2746 3102 2801 3194; x_wconf 84' lang='grc' dir='ltr'>ὁ,</span> <span class='ocrx_word' id='word_1_259' title='bbox 2846 3110 2970 3174; x_wconf 82' lang='lat'>264</span> <span class='ocrx_word' id='word_1_260' title='bbox 3014 3108 3178 3173; x_wconf 80' lang='grc' dir='ltr'>θέειν</span> <span class='ocrx_word' id='word_1_261' title='bbox 3217 3101 3444 3173; x_wconf 78' lang='grc' dir='ltr'>πεδίοιο</span> <span class='ocrx_word' id='word_1_262' title='bbox 3487 3100 3547 3194; x_wconf 84' lang='grc' dir='ltr'>χ’</span> <span class='ocrx_word' id='word_1_263' title='bbox 3599 3110 3679 3172; x_wconf 81' lang='grc'>26</span> <span class='ocrx_word' id='word_1_264' title='bbox 3729 3110 3903 3171; x_wconf 70' lang='grc' dir='ltr'>ἐπεσ-</span> 
     </span>
     <span class='ocr_line' id='line_1_24' title="bbox 529 3225 3903 3321; baseline -0 -29"><span class='ocrx_word' id='word_1_265' title='bbox 529 3230 773 3316; x_wconf 77' lang='grc' dir='ltr'>συμένον</span> <span class='ocrx_word' id='word_1_266' title='bbox 814 3225 1061 3296; x_wconf 79' lang='grc' dir='ltr'>πεδίοιο.</span> <span class='ocrx_word' id='word_1_267' title='bbox 1151 3233 1263 3297; x_wconf 91' lang='lat' dir='ltr'>Od.</span> <span class='ocrx_word' id='word_1_268' title='bbox 1310 3256 1352 3318; x_wconf 89' lang='grc' dir='ltr'><strong>γ</strong></span> <span class='ocrx_word' id='word_1_269' title='bbox 1394 3233 1511 3297; x_wconf 85' lang='lat'>251</span> <span class='ocrx_word' id='word_1_270' title='bbox 1570 3227 1609 3304; x_wconf 75' lang='grc' dir='ltr'>ἦ</span> <span class='ocrx_word' id='word_1_271' title='bbox 1656 3232 1766 3296; x_wconf 79' lang='grc' dir='ltr'>οὐκ</span> <span class='ocrx_word' id='word_1_272' title='bbox 1800 3228 2041 3321; x_wconf 84' lang='grc' dir='ltr'>Ἄργεος</span> <span class='ocrx_word' id='word_1_273' title='bbox 2081 3225 2186 3304; x_wconf 75' lang='grc' dir='ltr'>ἦεν</span> <span class='ocrx_word' id='word_1_274' title='bbox 2221 3231 2558 3319; x_wconf 72' lang='grc' dir='ltr'>Ἀχαιικοῦς</span> <span class='ocrx_word' id='word_1_275' title='bbox 2611 3235 2888 3296; x_wconf 80' lang='lat' dir='ltr'>attamen</span> <span class='ocrx_word' id='word_1_276' title='bbox 2933 3229 3168 3295; x_wconf 82' lang='lat' dir='ltr'>talibus</span> <span class='ocrx_word' id='word_1_277' title='bbox 3220 3230 3324 3294; x_wconf 90' lang='lat' dir='ltr'>vel</span> <span class='ocrx_word' id='word_1_278' title='bbox 3365 3228 3690 3294; x_wconf 89' lang='lat' dir='ltr'>similibus</span> <span class='ocrx_word' id='word_1_279' title='bbox 3744 3228 3903 3292; x_wconf 87' lang='lat' dir='ltr'>locis</span> 
     </span>
     <span class='ocr_line' id='line_1_25' title="bbox 532 3342 3904 3438; baseline -0.001 -25"><span class='ocrx_word' id='word_1_280' title='bbox 532 3370 660 3414; x_wconf 91' lang='lat' dir='ltr'>non</span> <span class='ocrx_word' id='word_1_281' title='bbox 704 3352 1043 3417; x_wconf 89' lang='lat' dir='ltr'>defendere</span> <span class='ocrx_word' id='word_1_282' title='bbox 1085 3357 1320 3438; x_wconf 90' lang='lat' dir='ltr'>poteris</span> <span class='ocrx_word' id='word_1_283' title='bbox 1368 3359 1652 3418; x_wconf 87' lang='lat' dir='ltr'>nostrum</span> <span class='ocrx_word' id='word_1_284' title='bbox 1699 3355 2072 3438; x_wconf 86' lang='lat' dir='ltr'>genetivum</span> <span class='ocrx_word' id='word_1_285' title='bbox 2119 3372 2263 3416; x_wconf 90' lang='lat' dir='ltr'>cum</span> <span class='ocrx_word' id='word_1_286' title='bbox 2312 3342 2563 3421; x_wconf 73' lang='grc' dir='ltr'>δύνηται</span> <span class='ocrx_word' id='word_1_287' title='bbox 2616 3351 3060 3431; x_wconf 78' lang='lat' dir='ltr'>coniunctum,</span> <span class='ocrx_word' id='word_1_288' title='bbox 3102 3349 3299 3432; x_wconf 91' lang='lat' dir='ltr'>idque</span> <span class='ocrx_word' id='word_1_289' title='bbox 3352 3367 3428 3412; x_wconf 88' lang='lat' dir='ltr'>eo</span> <span class='ocrx_word' id='word_1_290' title='bbox 3489 3349 3706 3411; x_wconf 88' lang='lat' dir='ltr'>minus</span> <span class='ocrx_word' id='word_1_291' title='bbox 3764 3345 3904 3409; x_wconf 87' lang='lat' dir='ltr'>fieri</span> 
     </span>
    </p>
   </div>
   <div class='ocr_carea' id='block_1_3' title="bbox 530 3454 3902 3676">
    <p class='ocr_par' dir='ltr' id='par_1_8' title="bbox 530 3454 3902 3676">
     <span class='ocr_line' id='line_1_26' title="bbox 530 3454 3902 3556; baseline -0.002 -26"><span class='ocrx_word' id='word_1_292' title='bbox 530 3487 719 3551; x_wconf 90' lang='lat' dir='ltr'>posse</span> <span class='ocrx_word' id='word_1_293' title='bbox 784 3469 1187 3553; x_wconf 79' lang='lat' dir='ltr'>putabimuS,</span> <span class='ocrx_word' id='word_1_294' title='bbox 1250 3473 1306 3534; x_wconf 86' lang='lat' dir='ltr'>si</span> <span class='ocrx_word' id='word_1_295' title='bbox 1367 3470 1790 3554; x_wconf 80' lang='lat' dir='ltr'>conferemuS,</span> <span class='ocrx_word' id='word_1_296' title='bbox 1837 3473 2007 3556; x_wconf 91' lang='lat' dir='ltr'>quod</span> <span class='ocrx_word' id='word_1_297' title='bbox 2063 3470 2242 3536; x_wconf 84' lang='lat' dir='ltr'>Plato</span> <span class='ocrx_word' id='word_1_298' title='bbox 2297 3471 2476 3535; x_wconf 86' lang='lat' dir='ltr'>dicit:</span> <span class='ocrx_word' id='word_1_299' title='bbox 2545 3475 2599 3532; x_wconf 84' lang='grc' dir='ltr'>οἱ</span> <span class='ocrx_word' id='word_1_300' title='bbox 2643 3468 2928 3554; x_wconf 84' lang='grc' dir='ltr'>μέγιστον</span> <span class='ocrx_word' id='word_1_301' title='bbox 2991 3458 3305 3552; x_wconf 79' lang='grc' dir='ltr'>δυνάμενοι</span> <span class='ocrx_word' id='word_1_302' title='bbox 3369 3466 3430 3527; x_wconf 71' lang='grc' dir='ltr'>ἐν</span> <span class='ocrx_word' id='word_1_303' title='bbox 3469 3475 3601 3539; x_wconf 82' lang='grc' dir='ltr'>ταῖς</span> <span class='ocrx_word' id='word_1_304' title='bbox 3659 3454 3902 3527; x_wconf 81' lang='grc' dir='ltr'>πόλεσιν</span> 
     </span>
     <span class='ocr_line' id='line_1_27' title="bbox 530 3582 3898 3676; baseline -0.001 -27"><span class='ocrx_word' id='word_1_305' title='bbox 530 3585 821 3669; x_wconf 84' lang='lat' dir='ltr'>(Phaedr.</span> <span class='ocrx_word' id='word_1_306' title='bbox 868 3589 988 3650; x_wconf 82' lang='lat'>257</span> <span class='ocrx_word' id='word_1_307' title='bbox 1035 3590 1121 3671; x_wconf 90' lang='lat' dir='ltr'>d.)</span> <span class='ocrx_word' id='word_1_308' title='bbox 1167 3595 1228 3653; x_wconf 86' lang='lat' dir='ltr'>et</span> <span class='ocrx_word' id='word_1_309' title='bbox 1272 3596 1325 3652; x_wconf 75' lang='grc' dir='ltr'>οὶ</span> <span class='ocrx_word' id='word_1_310' title='bbox 1369 3583 1682 3676; x_wconf 81' lang='grc' dir='ltr'>δυνάμενοι</span> <span class='ocrx_word' id='word_1_311' title='bbox 1726 3593 1787 3652; x_wconf 77' lang='grc' dir='ltr'>ἐν</span> <span class='ocrx_word' id='word_1_312' title='bbox 1833 3600 1958 3664; x_wconf 86' lang='grc' dir='ltr'>τοῖς</span> <span class='ocrx_word' id='word_1_313' title='bbox 1999 3582 2242 3652; x_wconf 83' lang='grc' dir='ltr'>πόλεσιν</span> <span class='ocrx_word' id='word_1_314' title='bbox 2284 3590 2532 3674; x_wconf 86' lang='lat' dir='ltr'>Protag.</span> <span class='ocrx_word' id='word_1_315' title='bbox 2578 3588 2762 3652; x_wconf 81' lang='lat' dir='ltr'>3l7a.</span> <span class='ocrx_word' id='word_1_316' title='bbox 2851 3586 3044 3653; x_wconf 87' lang='lat' dir='ltr'>Porro</span> <span class='ocrx_word' id='word_1_317' title='bbox 3087 3589 3466 3673; x_wconf 84' lang='lat' dir='ltr'>genetivus,</span> <span class='ocrx_word' id='word_1_318' title='bbox 3522 3585 3580 3648; x_wconf 89' lang='lat' dir='ltr'>si</span> <span class='ocrx_word' id='word_1_319' title='bbox 3632 3602 3898 3647; x_wconf 90' lang='lat' dir='ltr'>sensum</span> 
     </span>
    </p>
   </div>
   <div class='ocr_carea' id='block_1_4' title="bbox 528 3700 3899 3798">
    <p class='ocr_par' dir='ltr' id='par_1_9' title="bbox 528 3700 3899 3798">
     <span class='ocr_line' id='line_1_28' title="bbox 528 3700 3899 3798; baseline -0.002 -29"><span class='ocrx_word' id='word_1_320' title='bbox 528 3709 930 3791; x_wconf 80' lang='lat' dir='ltr'>respicimuS,</span> <span class='ocrx_word' id='word_1_321' title='bbox 989 3709 1188 3773; x_wconf 88' lang='lat' dir='ltr'>multo</span> <span class='ocrx_word' id='word_1_322' title='bbox 1252 3710 1483 3775; x_wconf 87' lang='lat' dir='ltr'>melius</span> <span class='ocrx_word' id='word_1_323' title='bbox 1528 3712 1608 3776; x_wconf 85' lang='lat' dir='ltr'>ad</span> <span class='ocrx_word' id='word_1_324' title='bbox 1649 3708 1919 3798; x_wconf 82' lang='grc' dir='ltr'>ἀρχαῖσιν</span> <span class='ocrx_word' id='word_1_325' title='bbox 1960 3711 2177 3775; x_wconf 88' lang='lat' dir='ltr'>referri</span> <span class='ocrx_word' id='word_1_326' title='bbox 2221 3709 2423 3774; x_wconf 90' lang='lat' dir='ltr'>debet.</span> <span class='ocrx_word' id='word_1_327' title='bbox 2515 3709 2678 3773; x_wconf 86' lang='lat' dir='ltr'>Nam</span> <span class='ocrx_word' id='word_1_328' title='bbox 2723 3709 2876 3773; x_wconf 88' lang='lat' dir='ltr'>dicit</span> <span class='ocrx_word' id='word_1_329' title='bbox 2919 3712 3133 3791; x_wconf 80' lang='lat' dir='ltr'>poeta:</span> <span class='ocrx_word' id='word_1_330' title='bbox 3204 3705 3269 3769; x_wconf 89' lang='lat' dir='ltr'>Is</span> <span class='ocrx_word' id='word_1_331' title='bbox 3325 3707 3424 3769; x_wconf 89' lang='lat' dir='ltr'>vir</span> <span class='ocrx_word' id='word_1_332' title='bbox 3475 3700 3899 3788; x_wconf 83' lang='lat' dir='ltr'>praeconibus</span> 
     </span>
    </p>
   </div>
   <div class='ocr_carea' id='block_1_5' title="bbox 533 3830 3911 4992">
    <p class='ocr_par' dir='ltr' id='par_1_10' title="bbox 533 3830 2418 4035">
     <span class='ocr_line' id='line_1_29' title="bbox 533 3830 2418 3915; baseline 0.002 -26"><span class='ocrx_word' id='word_1_333' title='bbox 533 3847 717 3892; x_wconf 82' lang='lat' dir='ltr'>carus</span> <span class='ocrx_word' id='word_1_334' title='bbox 759 3832 875 3908; x_wconf 88' lang='lat' dir='ltr'>est,</span> <span class='ocrx_word' id='word_1_335' title='bbox 921 3831 1034 3913; x_wconf 89' lang='lat' dir='ltr'>qui</span> <span class='ocrx_word' id='word_1_336' title='bbox 1077 3833 1361 3913; x_wconf 84' lang='lat' dir='ltr'>potentia</span> <span class='ocrx_word' id='word_1_337' title='bbox 1404 3833 1574 3896; x_wconf 85' lang='lat' dir='ltr'>valet</span> <span class='ocrx_word' id='word_1_338' title='bbox 1615 3837 1678 3895; x_wconf 90' lang='lat' dir='ltr'>et</span> <span class='ocrx_word' id='word_1_339' title='bbox 1724 3830 2111 3915; x_wconf 85' lang='lat' dir='ltr'>reipublicae</span> <span class='ocrx_word' id='word_1_340' title='bbox 2153 3835 2418 3914; x_wconf 82' lang='lat' dir='ltr'>praeest.</span> 
     </span>
     <span class='ocr_line' id='line_1_30' title="bbox 870 3948 2141 4035; baseline 0.002 -24"><span class='ocrx_word' id='word_1_341' title='bbox 870 3948 1004 4012; x_wconf 85' lang='lat' dir='ltr'>Iam</span> <span class='ocrx_word' id='word_1_342' title='bbox 1051 3949 1384 4014; x_wconf 85' lang='lat' dir='ltr'>videamus</span> <span class='ocrx_word' id='word_1_343' title='bbox 1429 3949 1764 4035; x_wconf 87' lang='lat' dir='ltr'>Supplices</span> <span class='ocrx_word' id='word_1_344' title='bbox 1805 3950 2141 4014; x_wconf 86' lang='lat'>211--213</span> 
     </span>
    </p>

    <p class='ocr_par' dir='ltr' id='par_1_11' title="bbox 1378 4059 2795 4157">
     <span class='ocr_line' id='line_1_31' title="bbox 1378 4059 2795 4157; baseline -0.001 -27"><span class='ocrx_word' id='word_1_345' title='bbox 1378 4066 1419 4130; x_wconf 85' lang='grc' dir='ltr'><strong>ἃ</strong></span> <span class='ocrx_word' id='word_1_346' title='bbox 1463 4060 1522 4130; x_wconf 76' lang='grc' dir='ltr'>δ’</span> <span class='ocrx_word' id='word_1_347' title='bbox 1580 4068 1698 4131; x_wconf 81' lang='grc' dir='ltr'>ἔστ’</span> <span class='ocrx_word' id='word_1_348' title='bbox 1751 4063 1960 4157; x_wconf 82' lang='grc' dir='ltr'>ἄσημα</span> <span class='ocrx_word' id='word_1_349' title='bbox 2002 4066 2112 4131; x_wconf 81' lang='grc' dir='ltr'>κού</span> <span class='ocrx_word' id='word_1_350' title='bbox 2156 4073 2338 4156; x_wconf 73' lang='grc' dir='ltr'>σαφῆ,</span> <span class='ocrx_word' id='word_1_351' title='bbox 2381 4059 2795 4155; x_wconf 78' lang='grc' dir='ltr'>γιγνώσκομεν</span> 
     </span>
    </p>

    <p class='ocr_par' dir='ltr' id='par_1_12' title="bbox 1379 4177 3012 4277">
     <span class='ocr_line' id='line_1_32' title="bbox 1379 4177 3012 4277; baseline -0.002 -26"><span class='ocrx_word' id='word_1_352' title='bbox 1379 4194 1460 4263; x_wconf 84' lang='grc' dir='ltr'>εἰς</span> <span class='ocrx_word' id='word_1_353' title='bbox 1500 4194 1611 4277; x_wconf 83' lang='grc' dir='ltr'>πῦρ</span> <span class='ocrx_word' id='word_1_354' title='bbox 1657 4187 1978 4271; x_wconf 76' lang='grc' dir='ltr'>βλέποντες</span> <span class='ocrx_word' id='word_1_355' title='bbox 2020 4190 2122 4252; x_wconf 88' lang='grc' dir='ltr'>καὶ</span> <span class='ocrx_word' id='word_1_356' title='bbox 2163 4182 2325 4250; x_wconf 78' lang='grc' dir='ltr'>κατὰ</span> <span class='ocrx_word' id='word_1_357' title='bbox 2372 4178 2733 4273; x_wconf 82' lang='grc' dir='ltr'>σπλάγχνων</span> <span class='ocrx_word' id='word_1_358' title='bbox 2773 4177 3012 4271; x_wconf 83' lang='grc' dir='ltr'>πτυχάς</span> 
     </span>
    </p>

    <p class='ocr_par' dir='ltr' id='par_1_13' title="bbox 541 4300 3911 4992">
     <span class='ocr_line' id='line_1_33' title="bbox 1383 4300 2705 4395; baseline 0 -25"><span class='ocrx_word' id='word_1_359' title='bbox 1383 4300 1622 4394; x_wconf 75' lang='grc' dir='ltr'>μάντεις</span> <span class='ocrx_word' id='word_1_360' title='bbox 1663 4310 2152 4395; x_wconf 79' lang='grc' dir='ltr'>προσημαίνουσιν</span> <span class='ocrx_word' id='word_1_361' title='bbox 2195 4313 2420 4371; x_wconf 82' lang='grc' dir='ltr'>οἰωνῶν</span> <span class='ocrx_word' id='word_1_362' title='bbox 2460 4305 2511 4368; x_wconf 87' lang='grc' dir='ltr'>τ’</span> <span class='ocrx_word' id='word_1_363' title='bbox 2565 4301 2705 4370; x_wconf 84' lang='grc' dir='ltr'>ἄπο.</span> 
     </span>
     <span class='ocr_line' id='line_1_34' title="bbox 542 4423 3908 4510; baseline -0.001 -24"><span class='ocrx_word' id='word_1_364' title='bbox 542 4423 628 4487; x_wconf 84' lang='grc' dir='ltr'><strong>Ηί</strong></span> <span class='ocrx_word' id='word_1_365' title='bbox 673 4444 899 4493; x_wconf 82' lang='lat' dir='ltr'>versus</span> <span class='ocrx_word' id='word_1_366' title='bbox 946 4427 1039 4489; x_wconf 89' lang='lat' dir='ltr'>sic</span> <span class='ocrx_word' id='word_1_367' title='bbox 1083 4428 1147 4488; x_wconf 91' lang='lat' dir='ltr'>in</span> <span class='ocrx_word' id='word_1_368' title='bbox 1194 4427 1329 4492; x_wconf 88' lang='lat' dir='ltr'>cod.</span> <span class='ocrx_word' id='word_1_369' title='bbox 1372 4425 1445 4490; x_wconf 92' lang='grc' dir='ltr'>Β.</span> <span class='ocrx_word' id='word_1_370' title='bbox 1492 4429 1701 4491; x_wconf 86' lang='lat' dir='ltr'>traditi</span> <span class='ocrx_word' id='word_1_371' title='bbox 1745 4432 1913 4493; x_wconf 88' lang='lat' dir='ltr'>sunt.</span> <span class='ocrx_word' id='word_1_372' title='bbox 2007 4429 2074 4493; x_wconf 85' lang='lat' dir='ltr'>Si</span> <span class='ocrx_word' id='word_1_373' title='bbox 2117 4431 2210 4492; x_wconf 91' lang='lat' dir='ltr'>sic</span> <span class='ocrx_word' id='word_1_374' title='bbox 2251 4432 2422 4492; x_wconf 86' lang='lat' dir='ltr'>recte</span> <span class='ocrx_word' id='word_1_375' title='bbox 2482 4432 2676 4510; x_wconf 85' lang='lat' dir='ltr'>stant,</span> <span class='ocrx_word' id='word_1_376' title='bbox 2721 4425 3031 4490; x_wconf 89' lang='lat' dir='ltr'>habemus</span> <span class='ocrx_word' id='word_1_377' title='bbox 3087 4425 3161 4488; x_wconf 79' lang='grc' dir='ltr'>τὲ</span> <span class='ocrx_word' id='word_1_378' title='bbox 3216 4428 3360 4509; x_wconf 89' lang='lat' dir='ltr'>post</span> <span class='ocrx_word' id='word_1_379' title='bbox 3411 4423 3666 4486; x_wconf 87' lang='lat' dir='ltr'>tertium</span> <span class='ocrx_word' id='word_1_380' title='bbox 3726 4439 3908 4483; x_wconf 88' lang='lat' dir='ltr'>voca-</span> 
     </span>
     <span class='ocr_line' id='line_1_35' title="bbox 541 4542 3908 4631; baseline -0.001 -25"><span class='ocrx_word' id='word_1_381' title='bbox 541 4542 804 4625; x_wconf 82' lang='lat' dir='ltr'>bulum3</span> <span class='ocrx_word' id='word_1_382' title='bbox 849 4564 1082 4609; x_wconf 89' lang='lat' dir='ltr'>sensus</span> <span class='ocrx_word' id='word_1_383' title='bbox 1113 4549 1312 4609; x_wconf 81' lang='lat' dir='ltr'>esset:</span> <span class='ocrx_word' id='word_1_384' title='bbox 1353 4566 1448 4628; x_wconf 86' lang='lat' dir='ltr'>ea,</span> <span class='ocrx_word' id='word_1_385' title='bbox 1481 4567 1643 4630; x_wconf 86' lang='lat' dir='ltr'>quac</span> <span class='ocrx_word' id='word_1_386' title='bbox 1688 4550 1927 4613; x_wconf 84' lang='lat' dir='ltr'>incerta</span> <span class='ocrx_word' id='word_1_387' title='bbox 1970 4554 2034 4613; x_wconf 90' lang='lat' dir='ltr'>et</span> <span class='ocrx_word' id='word_1_388' title='bbox 2077 4548 2348 4613; x_wconf 85' lang='lat' dir='ltr'>obscura</span> <span class='ocrx_word' id='word_1_389' title='bbox 2391 4552 2562 4631; x_wconf 84' lang='lat' dir='ltr'>sunt,</span> <span class='ocrx_word' id='word_1_390' title='bbox 2593 4547 3041 4631; x_wconf 89' lang='lat' dir='ltr'>cognoscimus</span> <span class='ocrx_word' id='word_1_391' title='bbox 3072 4564 3157 4608; x_wconf 83' lang='lat' dir='ltr'>ex</span> <span class='ocrx_word' id='word_1_392' title='bbox 3187 4543 3446 4613; x_wconf 86' lang='lat' dir='ltr'>flamma</span> <span class='ocrx_word' id='word_1_393' title='bbox 3484 4546 3546 4606; x_wconf 88' lang='lat' dir='ltr'>et</span> <span class='ocrx_word' id='word_1_394' title='bbox 3584 4560 3670 4605; x_wconf 79' lang='lat' dir='ltr'>ex</span> <span class='ocrx_word' id='word_1_395' title='bbox 3703 4542 3908 4604; x_wconf 87' lang='lat' dir='ltr'>visce-</span> 
     </span>
     <span class='ocr_line' id='line_1_36' title="bbox 542 4658 3908 4751; baseline -0.002 -24"><span class='ocrx_word' id='word_1_396' title='bbox 542 4664 721 4728; x_wconf 86' lang='lat' dir='ltr'>ribus</span> <span class='ocrx_word' id='word_1_397' title='bbox 767 4669 831 4728; x_wconf 90' lang='lat' dir='ltr'>ct</span> <span class='ocrx_word' id='word_1_398' title='bbox 872 4684 1150 4748; x_wconf 87' lang='lat' dir='ltr'>augures</span> <span class='ocrx_word' id='word_1_399' title='bbox 1195 4685 1281 4728; x_wconf 77' lang='lat' dir='ltr'>cx</span> <span class='ocrx_word' id='word_1_400' title='bbox 1324 4666 1553 4731; x_wconf 88' lang='lat' dir='ltr'>avibus</span> <span class='ocrx_word' id='word_1_401' title='bbox 1599 4666 1785 4732; x_wconf 92' lang='lat' dir='ltr'>uobis</span> <span class='ocrx_word' id='word_1_402' title='bbox 1830 4668 2217 4751; x_wconf 85' lang='lat' dir='ltr'>praedicunt.</span> <span class='ocrx_word' id='word_1_403' title='bbox 2303 4666 2450 4732; x_wconf 90' lang='lat' dir='ltr'>Hoc</span> <span class='ocrx_word' id='word_1_404' title='bbox 2494 4686 2619 4731; x_wconf 90' lang='lat' dir='ltr'>nou</span> <span class='ocrx_word' id='word_1_405' title='bbox 2668 4665 2936 4730; x_wconf 90' lang='lat' dir='ltr'>dubium</span> <span class='ocrx_word' id='word_1_406' title='bbox 2981 4669 3171 4746; x_wconf 87' lang='lat' dir='ltr'>esset,</span> <span class='ocrx_word' id='word_1_407' title='bbox 3218 4665 3345 4727; x_wconf 90' lang='lat' dir='ltr'>nisi</span> <span class='ocrx_word' id='word_1_408' title='bbox 3388 4665 3454 4726; x_wconf 90' lang='lat' dir='ltr'>in</span> <span class='ocrx_word' id='word_1_409' title='bbox 3507 4659 3644 4724; x_wconf 88' lang='lat' dir='ltr'>cod.</span> <span class='ocrx_word' id='word_1_410' title='bbox 3691 4658 3739 4723; x_wconf 84' lang='lat' dir='ltr'>G</span> <span class='ocrx_word' id='word_1_411' title='bbox 3797 4678 3908 4744; x_wconf 87' lang='lat' dir='ltr'>pro</span> 
     </span>
     <span class='ocr_line' id='line_1_37' title="bbox 547 4778 3911 4874; baseline -0.001 -28"><span class='ocrx_word' id='word_1_412' title='bbox 547 4788 709 4869; x_wconf 75' lang='grc' dir='ltr'>σαφῆ</span> <span class='ocrx_word' id='word_1_413' title='bbox 754 4783 1051 4849; x_wconf 86' lang='lat' dir='ltr'>traditum</span> <span class='ocrx_word' id='word_1_414' title='bbox 1096 4790 1267 4849; x_wconf 88' lang='lat' dir='ltr'>esset</span> <span class='ocrx_word' id='word_1_415' title='bbox 1313 4790 1538 4871; x_wconf 79' lang='grc' dir='ltr'>σαφῶς.</span> <span class='ocrx_word' id='word_1_416' title='bbox 1615 4784 1780 4850; x_wconf 88' lang='lat' dir='ltr'>Tum</span> <span class='ocrx_word' id='word_1_417' title='bbox 1824 4794 2032 4874; x_wconf 79' lang='grc' dir='ltr'>σαφῶς</span> <span class='ocrx_word' id='word_1_418' title='bbox 2075 4808 2219 4852; x_wconf 89' lang='lat' dir='ltr'>cum</span> <span class='ocrx_word' id='word_1_419' title='bbox 2266 4778 2682 4872; x_wconf 76' lang='grc' dir='ltr'>γιγνώσκομεν</span> <span class='ocrx_word' id='word_1_420' title='bbox 2722 4785 3244 4869; x_wconf 86' lang='lat' dir='ltr'>coniungendum</span> <span class='ocrx_word' id='word_1_421' title='bbox 3299 4784 3503 4863; x_wconf 87' lang='lat' dir='ltr'>esset,</span> <span class='ocrx_word' id='word_1_422' title='bbox 3547 4783 3611 4843; x_wconf 90' lang='lat' dir='ltr'>et</span> <span class='ocrx_word' id='word_1_423' title='bbox 3661 4781 3911 4863; x_wconf 86' lang='lat' dir='ltr'>partici-</span> 
     </span>
     <span class='ocr_line' id='line_1_38' title="bbox 545 4897 3911 4992; baseline -0.001 -26"><span class='ocrx_word' id='word_1_424' title='bbox 545 4905 722 4987; x_wconf 90' lang='lat' dir='ltr'>pium</span> <span class='ocrx_word' id='word_1_425' title='bbox 763 4901 1086 4983; x_wconf 81' lang='grc' dir='ltr'>βλέποντες</span> <span class='ocrx_word' id='word_1_426' title='bbox 1129 4907 1205 4970; x_wconf 87' lang='lat' dir='ltr'>ad</span> <span class='ocrx_word' id='word_1_427' title='bbox 1253 4897 1492 4992; x_wconf 81' lang='grc' dir='ltr'>μάντεις</span> <span class='ocrx_word' id='word_1_428' title='bbox 1536 4906 1935 4972; x_wconf 87' lang='lat' dir='ltr'>referendum</span> <span class='ocrx_word' id='word_1_429' title='bbox 1964 4913 2151 4972; x_wconf 88' lang='lat' dir='ltr'>esset.</span> <span class='ocrx_word' id='word_1_430' title='bbox 2210 4908 2456 4972; x_wconf 87' lang='lat' dir='ltr'>Sensus</span> <span class='ocrx_word' id='word_1_431' title='bbox 2485 4913 2621 4970; x_wconf 88' lang='lat' dir='ltr'>tum</span> <span class='ocrx_word' id='word_1_432' title='bbox 2654 4911 2852 4971; x_wconf 86' lang='lat' dir='ltr'>esset:</span> <span class='ocrx_word' id='word_1_433' title='bbox 2897 4906 3009 4989; x_wconf 83' lang='lat' dir='ltr'>Ea,</span> <span class='ocrx_word' id='word_1_434' title='bbox 3041 4925 3205 4991; x_wconf 83' lang='lat' dir='ltr'>quae</span> <span class='ocrx_word' id='word_1_435' title='bbox 3239 4906 3484 4969; x_wconf 82' lang='lat' dir='ltr'>incerta</span> <span class='ocrx_word' id='word_1_436' title='bbox 3519 4904 3671 4964; x_wconf 90' lang='lat' dir='ltr'>sunt</span> <span class='ocrx_word' id='word_1_437' title='bbox 3701 4917 3911 4981; x_wconf 82' lang='lat' dir='ltr'>neque</span> 
     </span>
    </p>
   </div>
   <div class='ocr_carea' id='block_1_6' title="bbox 549 5018 3913 5194">
    <p class='ocr_par' dir='ltr' id='par_1_14' title="bbox 549 5018 3913 5194">
     <span class='ocr_line' id='line_1_39' title="bbox 549 5018 3913 5112; baseline -0.001 -28"><span class='ocrx_word' id='word_1_438' title='bbox 549 5023 825 5086; x_wconf 74' lang='lat' dir='ltr'>dilucido</span> <span class='ocrx_word' id='word_1_439' title='bbox 851 5027 1295 5107; x_wconf 79' lang='lat' dir='ltr'>perspicimus,</span> <span class='ocrx_word' id='word_1_440' title='bbox 1344 5027 1525 5090; x_wconf 86' lang='lat' dir='ltr'>nobis</span> <span class='ocrx_word' id='word_1_441' title='bbox 1572 5028 1942 5112; x_wconf 76' lang='lat' dir='ltr'>praedicunt</span> <span class='ocrx_word' id='word_1_442' title='bbox 1986 5019 2225 5112; x_wconf 78' lang='grc' dir='ltr'>μάντεις</span> <span class='ocrx_word' id='word_1_443' title='bbox 2268 5032 2331 5090; x_wconf 87' lang='lat' dir='ltr'>ct</span> <span class='ocrx_word' id='word_1_444' title='bbox 2374 5049 2456 5090; x_wconf 83' lang='lat' dir='ltr'>cx</span> <span class='ocrx_word' id='word_1_445' title='bbox 2509 5029 2763 5091; x_wconf 73' lang='lat' dir='ltr'>flamma</span> <span class='ocrx_word' id='word_1_446' title='bbox 2804 5032 2868 5089; x_wconf 91' lang='lat' dir='ltr'>et</span> <span class='ocrx_word' id='word_1_447' title='bbox 2910 5046 2987 5088; x_wconf 80' lang='lat' dir='ltr'>ex</span> <span class='ocrx_word' id='word_1_448' title='bbox 3040 5025 3395 5089; x_wconf 81' lang='lat' dir='ltr'>visceribus</span> <span class='ocrx_word' id='word_1_449' title='bbox 3441 5028 3504 5087; x_wconf 87' lang='lat' dir='ltr'>ct</span> <span class='ocrx_word' id='word_1_450' title='bbox 3544 5039 3617 5083; x_wconf 85' lang='lat' dir='ltr'>ex</span> <span class='ocrx_word' id='word_1_451' title='bbox 3663 5018 3913 5099; x_wconf 79' lang='lat' dir='ltr'>avibuS,</span> 
     </span>
     <span class='ocr_line' id='line_1_40' title="bbox 3495 5141 3530 5194; baseline 0 0"><span class='ocrx_word' id='word_1_452' title='bbox 3495 5141 3530 5194; x_wconf 78' lang='lat'>4</span> 
     </span>
    </p>
   </div>
   <div class='ocr_carea' id='block_1_7' title="bbox 4575 3520 4584 4186">
    <p class='ocr_par' dir='ltr' id='par_1_15' title="bbox 4575 3520 4584 4186">
     <span class='ocr_line' id='line_1_41' title="bbox 4575 3520 4584 4186; baseline 0 0"><span class='ocrx_word' id='word_1_453' title='bbox 4575 3520 4584 4186; x_wconf 95' lang='lat' dir='ltr'> </span> 
     </span>
    </p>
   </div>
  </div>
 </body>
</html>
