<?xml version="1.0" encoding="UTF-8"?>
<!DOCTYPE html PUBLIC "-//W3C//DTD XHTML 1.0 Transitional//EN"
    "http://www.w3.org/TR/xhtml1/DTD/xhtml1-transitional.dtd">
<html xmlns="http://www.w3.org/1999/xhtml" xml:lang="en" lang="en">
 <head>
  <title>
</title>
<meta http-equiv="Content-Type" content="text/html;charset=utf-8" />
  <meta name='ocr-system' content='tesseract 3.04.00' />
  <meta name='ocr-capabilities' content='ocr_page ocr_carea ocr_par ocr_line ocrx_word'/>
</head>
<body>
  <div class='ocr_page' id='page_1' title='image "./analectaeuripid00rassgoog_0022.png"; bbox 0 0 4609 5692; ppageno 0'>
   <div class='ocr_carea' id='block_1_1' title="bbox 2140 358 2646 428">
    <p class='ocr_par' dir='ltr' id='par_1_1' title="bbox 2140 358 2646 428">
     <span class='ocr_line' id='line_1_1' title="bbox 2140 358 2646 428; baseline -0.002 -16"><span class='ocrx_word' id='word_1_1' title='bbox 2140 358 2646 428; x_wconf 72' lang='lat'>—18-</span> 
     </span>
    </p>
   </div>
   <div class='ocr_carea' id='block_1_2' title="bbox 693 564 4127 5071">
    <p class='ocr_par' dir='ltr' id='par_1_2' title="bbox 715 564 4079 872">
     <span class='ocr_line' id='line_1_2' title="bbox 718 564 4078 656; baseline 0.003 -28"><span class='ocrx_word' id='word_1_2' title='bbox 718 566 805 628; x_wconf 87' lang='lat' dir='ltr'>mi</span> <span class='ocrx_word' id='word_1_3' title='bbox 847 564 965 647; x_wconf 83' lang='lat' dir='ltr'>fili,</span> <span class='ocrx_word' id='word_1_4' title='bbox 1009 568 1079 629; x_wconf 91' lang='lat' dir='ltr'>ut</span> <span class='ocrx_word' id='word_1_5' title='bbox 1116 569 1178 628; x_wconf 90' lang='lat' dir='ltr'>te</span> <span class='ocrx_word' id='word_1_6' title='bbox 1224 566 1289 628; x_wconf 90' lang='lat' dir='ltr'>in</span> <span class='ocrx_word' id='word_1_7' title='bbox 1336 566 1690 632; x_wconf 78' lang='lat' dir='ltr'>calamitate</span> <span class='ocrx_word' id='word_1_8' title='bbox 1732 573 1842 633; x_wconf 89' lang='lat' dir='ltr'>tua</span> <span class='ocrx_word' id='word_1_9' title='bbox 1883 569 2206 648; x_wconf 79' lang='lat' dir='ltr'>consoler3</span> <span class='ocrx_word' id='word_1_10' title='bbox 2252 587 2401 633; x_wconf 88' lang='lat' dir='ltr'>nam</span> <span class='ocrx_word' id='word_1_11' title='bbox 2448 569 2737 650; x_wconf 77' lang='lat' dir='ltr'>sapiente</span> <span class='ocrx_word' id='word_1_12' title='bbox 2775 573 2837 633; x_wconf 89' lang='lat' dir='ltr'>et</span> <span class='ocrx_word' id='word_1_13' title='bbox 2878 568 3046 633; x_wconf 86' lang='lat' dir='ltr'>bona</span> <span class='ocrx_word' id='word_1_14' title='bbox 3078 590 3281 634; x_wconf 81' lang='lat' dir='ltr'>uxore</span> <span class='ocrx_word' id='word_1_15' title='bbox 3315 573 3601 654; x_wconf 85' lang='lat' dir='ltr'>privatus</span> <span class='ocrx_word' id='word_1_16' title='bbox 3648 593 3719 637; x_wconf 91' lang='lat' dir='ltr'>es</span> <span class='ocrx_word' id='word_1_17' title='bbox 3764 576 3977 656; x_wconf 90' lang='lat' dir='ltr'>(nemo</span> <span class='ocrx_word' id='word_1_18' title='bbox 4015 576 4078 639; x_wconf 92' lang='lat' dir='ltr'>id</span> 
     </span>
     <span class='ocr_line' id='line_1_3' title="bbox 718 684 4079 777; baseline 0.003 -28"><span class='ocrx_word' id='word_1_19' title='bbox 718 684 1002 770; x_wconf 82' lang='lat' dir='ltr'>negabit)</span> <span class='ocrx_word' id='word_1_20' title='bbox 1047 687 1109 748; x_wconf 91' lang='lat' dir='ltr'>at</span> <span class='ocrx_word' id='word_1_21' title='bbox 1146 685 1283 765; x_wconf 90' lang='lat' dir='ltr'>hoc,</span> <span class='ocrx_word' id='word_1_22' title='bbox 1350 689 1645 769; x_wconf 82' lang='lat' dir='ltr'>quamvis</span> <span class='ocrx_word' id='word_1_23' title='bbox 1690 690 2018 770; x_wconf 89' lang='lat' dir='ltr'>miserum,</span> <span class='ocrx_word' id='word_1_24' title='bbox 2056 693 2270 752; x_wconf 87' lang='lat' dir='ltr'>tamen</span> <span class='ocrx_word' id='word_1_25' title='bbox 2317 685 2502 751; x_wconf 91' lang='lat' dir='ltr'>nobis</span> <span class='ocrx_word' id='word_1_26' title='bbox 2560 708 2765 773; x_wconf 89' lang='lat' dir='ltr'>aequo</span> <span class='ocrx_word' id='word_1_27' title='bbox 2822 693 3033 753; x_wconf 90' lang='lat' dir='ltr'>animo</span> <span class='ocrx_word' id='word_1_28' title='bbox 3077 689 3410 756; x_wconf 88' lang='lat' dir='ltr'>ferendum</span> <span class='ocrx_word' id='word_1_29' title='bbox 3457 697 3572 756; x_wconf 89' lang='lat' dir='ltr'>est.</span> <span class='ocrx_word' id='word_1_30' title='bbox 3663 690 3825 758; x_wconf 89' lang='lat' dir='ltr'>Tum</span> <span class='ocrx_word' id='word_1_31' title='bbox 3857 697 4079 777; x_wconf 77' lang='lat' dir='ltr'>‘pergit</span> 
     </span>
     <span class='ocr_line' id='line_1_4' title="bbox 715 787 3782 872; baseline 0.002 -7"><span class='ocrx_word' id='word_1_32' title='bbox 715 825 776 872; x_wconf 72' lang='lat' dir='ltr'>v.</span> <span class='ocrx_word' id='word_1_33' title='bbox 820 804 1175 868; x_wconf 71' lang='lat' dir='ltr'>‹ns-620.</span> <span class='ocrx_word' id='word_1_34' title='bbox 3777 787 3782 792; x_wconf 82' lang='lat'>&#39;</span> 
     </span>
    </p>

    <p class='ocr_par' dir='ltr' id='par_1_3' title="bbox 1474 916 2903 1012">
     <span class='ocr_line' id='line_1_5' title="bbox 1474 916 2903 1012; baseline 0.002 -24"><span class='ocrx_word' id='word_1_35' title='bbox 1474 918 1659 1011; x_wconf 75' lang='grc' dir='ltr'>δέχου</span> <span class='ocrx_word' id='word_1_36' title='bbox 1704 918 1774 988; x_wconf 77' lang='grc' dir='ltr'>δὲ</span> <span class='ocrx_word' id='word_1_37' title='bbox 1818 917 2045 1011; x_wconf 80' lang='grc' dir='ltr'>κόσμον</span> <span class='ocrx_word' id='word_1_38' title='bbox 2086 916 2265 987; x_wconf 77' lang='grc' dir='ltr'><strong>τόνδε</strong></span> <span class='ocrx_word' id='word_1_39' title='bbox 2313 925 2411 986; x_wconf 76' lang='grc' dir='ltr'>καὶ</span> <span class='ocrx_word' id='word_1_40' title='bbox 2453 920 2616 987; x_wconf 75' lang='grc' dir='ltr'><strong>κατὰ</strong></span> <span class='ocrx_word' id='word_1_41' title='bbox 2674 920 2903 1012; x_wconf 76' lang='grc' dir='ltr'>χθονός</span> 
     </span>
    </p>

    <p class='ocr_par' dir='ltr' id='par_1_4' title="bbox 1472 1023 2803 1132">
     <span class='ocr_line' id='line_1_6' title="bbox 1472 1023 2803 1132; baseline 0.001 -26"><span class='ocrx_word' id='word_1_42' title='bbox 1472 1023 1614 1107; x_wconf 69' lang='grc' dir='ltr'><strong>ἴτω·</strong></span> <span class='ocrx_word' id='word_1_43' title='bbox 1659 1041 1733 1110; x_wconf 86' lang='grc' dir='ltr'><strong>τὸ</strong></span> <span class='ocrx_word' id='word_1_44' title='bbox 1778 1037 2006 1118; x_wconf 73' lang='grc' dir='ltr'><strong>ταύτης</strong></span> <span class='ocrx_word' id='word_1_45' title='bbox 2042 1049 2222 1129; x_wconf 77' lang='grc' dir='ltr'>σῶμα</span> <span class='ocrx_word' id='word_1_46' title='bbox 2266 1047 2569 1127; x_wconf 75' lang='grc' dir='ltr'><strong>τιμᾶσθαι</strong></span> <span class='ocrx_word' id='word_1_47' title='bbox 2609 1037 2803 1132; x_wconf 76' lang='grc' dir='ltr'><strong>χρεών</strong></span> 
     </span>
    </p>

    <p class='ocr_par' dir='ltr' id='par_1_5' title="bbox 1470 1153 3314 1249">
     <span class='ocr_line' id='line_1_7' title="bbox 1470 1153 3314 1249; baseline 0.002 -24"><span class='ocrx_word' id='word_1_48' title='bbox 1470 1160 1601 1238; x_wconf 72' lang='grc' dir='ltr'><strong>’ἥτις</strong></span> <span class='ocrx_word' id='word_1_49' title='bbox 1637 1186 1711 1248; x_wconf 81' lang='grc' dir='ltr'>γε</span> <span class='ocrx_word' id='word_1_50' title='bbox 1754 1168 1864 1238; x_wconf 74' lang='grc' dir='ltr'><strong>τῆς</strong></span> <span class='ocrx_word' id='word_1_51' title='bbox 1900 1168 2006 1237; x_wconf 81' lang='grc' dir='ltr'>σῆς</span> <span class='ocrx_word' id='word_1_52' title='bbox 2044 1153 2344 1249; x_wconf 71' lang='grc' dir='ltr'>προύθανε</span> <span class='ocrx_word' id='word_1_53' title='bbox 2385 1158 2595 1243; x_wconf 77' lang='grc' dir='ltr'>ψυχῆς,</span> <span class='ocrx_word' id='word_1_54' title='bbox 2641 1159 2851 1224; x_wconf 77' lang='grc' dir='ltr'><strong>τέκνον</strong></span> <span class='ocrx_word' id='word_1_55' title='bbox 3191 1166 3314 1229; x_wconf 84' lang='grc'>620</span> 
     </span>
    </p>

    <p class='ocr_par' dir='ltr' id='par_1_6' title="bbox 701 1276 4127 3158">
     <span class='ocr_line' id='line_1_8' title="bbox 1472 1276 2509 1368; baseline -0.004 -25"><span class='ocrx_word' id='word_1_56' title='bbox 1472 1282 1573 1345; x_wconf 82' lang='grc' dir='ltr'>καί</span> <span class='ocrx_word' id='word_1_57' title='bbox 1617 1279 1671 1368; x_wconf 84' lang='grc' dir='ltr'>μ’</span> <span class='ocrx_word' id='word_1_58' title='bbox 1728 1280 1836 1346; x_wconf 80' lang='grc' dir='ltr'>οὐκ</span> <span class='ocrx_word' id='word_1_59' title='bbox 1879 1276 2086 1345; x_wconf 79' lang='grc' dir='ltr'>ἄπαιδ’</span> <span class='ocrx_word' id='word_1_60' title='bbox 2143 1283 2331 1347; x_wconf 80' lang='grc' dir='ltr'>ἔθηκε</span> <span class='ocrx_word' id='word_1_61' title='bbox 2374 1280 2509 1339; x_wconf 79' lang='grc' dir='ltr'><strong>κτλ.</strong></span> 
     </span>
     <span class='ocr_line' id='line_1_9' title="bbox 712 1394 4075 1490; baseline 0.004 -30"><span class='ocrx_word' id='word_1_62' title='bbox 712 1394 926 1481; x_wconf 87' lang='lat' dir='ltr'>Pergit</span> <span class='ocrx_word' id='word_1_63' title='bbox 969 1397 1188 1482; x_wconf 87' lang='lat' dir='ltr'>igitur:</span> <span class='ocrx_word' id='word_1_64' title='bbox 1253 1401 1467 1484; x_wconf 80' lang='lat' dir='ltr'>accipe</span> <span class='ocrx_word' id='word_1_65' title='bbox 1532 1408 1745 1467; x_wconf 88' lang='lat' dir='ltr'>autem</span> <span class='ocrx_word' id='word_1_66' title='bbox 1794 1407 1910 1468; x_wconf 87' lang='lat' dir='ltr'>hoc</span> <span class='ocrx_word' id='word_1_67' title='bbox 1966 1405 2409 1466; x_wconf 86' lang='lat' dir='ltr'>ornamentum</span> <span class='ocrx_word' id='word_1_68' title='bbox 2457 1401 2519 1459; x_wconf 87' lang='lat' dir='ltr'>et</span> <span class='ocrx_word' id='word_1_69' title='bbox 2563 1399 2584 1461; x_wconf 91' lang='lat' dir='ltr'>i</span> <span class='ocrx_word' id='word_1_70' title='bbox 2627 1398 2705 1461; x_wconf 92' lang='lat' dir='ltr'>ad</span> <span class='ocrx_word' id='word_1_71' title='bbox 2750 1399 3014 1479; x_wconf 81' lang='lat' dir='ltr'>inferos3</span> <span class='ocrx_word' id='word_1_72' title='bbox 3081 1403 3273 1467; x_wconf 88' lang='lat' dir='ltr'>huius</span> <span class='ocrx_word' id='word_1_73' title='bbox 3341 1425 3568 1490; x_wconf 92' lang='lat' dir='ltr'>corpus</span> <span class='ocrx_word' id='word_1_74' title='bbox 3634 1409 3877 1474; x_wconf 89' lang='lat' dir='ltr'>colatur</span> <span class='ocrx_word' id='word_1_75' title='bbox 3929 1430 4075 1475; x_wconf 90' lang='lat' dir='ltr'>nec·</span> 
     </span>
     <span class='ocr_line' id='line_1_10' title="bbox 712 1518 4075 1606; baseline 0.004 -27"><span class='ocrx_word' id='word_1_76' title='bbox 712 1534 856 1579; x_wconf 90' lang='lat' dir='ltr'>esse</span> <span class='ocrx_word' id='word_1_77' title='bbox 901 1520 1028 1599; x_wconf 90' lang='lat' dir='ltr'>est,</span> <span class='ocrx_word' id='word_1_78' title='bbox 1089 1535 1254 1600; x_wconf 89' lang='lat' dir='ltr'>quae</span> <span class='ocrx_word' id='word_1_79' title='bbox 1299 1537 1414 1601; x_wconf 89' lang='lat' dir='ltr'>pro</span> <span class='ocrx_word' id='word_1_80' title='bbox 1474 1524 1581 1585; x_wconf 89' lang='lat' dir='ltr'>tna</span> <span class='ocrx_word' id='word_1_81' title='bbox 1642 1523 1772 1586; x_wconf 85' lang='lat' dir='ltr'>vita</span> <span class='ocrx_word' id='word_1_82' title='bbox 1841 1527 2106 1587; x_wconf 89' lang='lat' dir='ltr'>mortem</span> <span class='ocrx_word' id='word_1_83' title='bbox 2172 1518 2400 1583; x_wconf 88' lang='lat' dir='ltr'>obierit</span> <span class='ocrx_word' id='word_1_84' title='bbox 2470 1536 2679 1601; x_wconf 89' lang='lat' dir='ltr'>neque</span> <span class='ocrx_word' id='word_1_85' title='bbox 2746 1537 2849 1582; x_wconf 90' lang='lat' dir='ltr'>me</span> <span class='ocrx_word' id='word_1_86' title='bbox 2916 1519 3046 1584; x_wconf 89' lang='lat' dir='ltr'>filio</span> <span class='ocrx_word' id='word_1_87' title='bbox 3088 1524 3449 1606; x_wconf 85' lang='lat' dir='ltr'>privaverit.</span> <span class='ocrx_word' id='word_1_88' title='bbox 3537 1526 3714 1592; x_wconf 88' lang='lat' dir='ltr'>Haec</span> <span class='ocrx_word' id='word_1_89' title='bbox 3758 1532 3930 1594; x_wconf 90' lang='lat' dir='ltr'>enim</span> <span class='ocrx_word' id='word_1_90' title='bbox 3977 1535 4075 1594; x_wconf 89' lang='lat' dir='ltr'>est</span> 
     </span>
     <span class='ocr_line' id='line_1_11' title="bbox 712 1630 4077 1732; baseline 0.005 -35"><span class='ocrx_word' id='word_1_91' title='bbox 712 1635 1186 1719; x_wconf 89' lang='lat' dir='ltr'>simplicissima</span> <span class='ocrx_word' id='word_1_92' title='bbox 1228 1640 1335 1701; x_wconf 84' lang='lat' dir='ltr'>via</span> <span class='ocrx_word' id='word_1_93' title='bbox 1399 1640 1884 1724; x_wconf 86' lang='lat' dir='ltr'>interpretandi,</span> <span class='ocrx_word' id='word_1_94' title='bbox 1953 1646 2024 1705; x_wconf 88' lang='lat' dir='ltr'>ut</span> <span class='ocrx_word' id='word_1_95' title='bbox 2070 1644 2133 1703; x_wconf 90' lang='lat' dir='ltr'>et</span> <span class='ocrx_word' id='word_1_96' title='bbox 2173 1630 2360 1722; x_wconf 78' lang='grc' dir='ltr'>’δέχου</span> <span class='ocrx_word' id='word_1_97' title='bbox 2405 1643 2468 1700; x_wconf 91' lang='lat' dir='ltr'>et</span> <span class='ocrx_word' id='word_1_98' title='bbox 2526 1639 2641 1698; x_wconf 76' lang='grc' dir='ltr'><strong>ἴτω</strong></span> <span class='ocrx_word' id='word_1_99' title='bbox 2686 1637 2763 1700; x_wconf 90' lang='lat' dir='ltr'>ad</span> <span class='ocrx_word' id='word_1_100' title='bbox 2809 1638 3154 1705; x_wconf 88' lang='lat' dir='ltr'>Admetum</span> <span class='ocrx_word' id='word_1_101' title='bbox 3201 1645 3582 1730; x_wconf 82' lang='lat' dir='ltr'>ret’eramuS,</span> <span class='ocrx_word' id='word_1_102' title='bbox 3647 1667 3837 1732; x_wconf 89' lang='lat' dir='ltr'>quem</span> <span class='ocrx_word' id='word_1_103' title='bbox 3902 1655 4077 1732; x_wconf 86' lang='lat' dir='ltr'>pater</span> 
     </span>
     <span class='ocr_line' id='line_1_12' title="bbox 711 1754 4071 1843; baseline 0.004 -25"><span class='ocrx_word' id='word_1_104' title='bbox 711 1754 1072 1839; x_wconf 83' lang='lat' dir='ltr'>alloquitur.</span> <span class='ocrx_word' id='word_1_105' title='bbox 1160 1758 1281 1840; x_wconf 87' lang='lat' dir='ltr'>At,</span> <span class='ocrx_word' id='word_1_106' title='bbox 1347 1761 1401 1822; x_wconf 92' lang='lat' dir='ltr'>si</span> <span class='ocrx_word' id='word_1_107' title='bbox 1448 1761 1534 1824; x_wconf 90' lang='lat' dir='ltr'>ita</span> <span class='ocrx_word' id='word_1_108' title='bbox 1581 1765 1697 1843; x_wconf 90' lang='lat' dir='ltr'>est,</span> <span class='ocrx_word' id='word_1_109' title='bbox 1741 1781 1855 1826; x_wconf 88' lang='lat' dir='ltr'>cur</span> <span class='ocrx_word' id='word_1_110' title='bbox 1896 1763 2061 1825; x_wconf 89' lang='lat' dir='ltr'>hanc</span> <span class='ocrx_word' id='word_1_111' title='bbox 2108 1760 2274 1821; x_wconf 87' lang='lat' dir='ltr'>viam</span> <span class='ocrx_word' id='word_1_112' title='bbox 2324 1760 2501 1838; x_wconf 87' lang='lat' dir='ltr'>pater</span> <span class='ocrx_word' id='word_1_113' title='bbox 2543 1757 2746 1819; x_wconf 86' lang='lat' dir='ltr'>filium</span> <span class='ocrx_word' id='word_1_114' title='bbox 2788 1758 2950 1822; x_wconf 90' lang='lat' dir='ltr'>inire</span> <span class='ocrx_word' id='word_1_115' title='bbox 2995 1761 3218 1825; x_wconf 82' lang='lat' dir='ltr'>iubet?</span> <span class='ocrx_word' id='word_1_116' title='bbox 3279 1769 3352 1827; x_wconf 90' lang='lat' dir='ltr'>ut</span> <span class='ocrx_word' id='word_1_117' title='bbox 3412 1764 3579 1830; x_wconf 85' lang='lat' dir='ltr'>filius</span> <span class='ocrx_word' id='word_1_118' title='bbox 3626 1773 4071 1834; x_wconf 87' lang='lat' dir='ltr'>ornamentum</span> 
     </span>
     <span class='ocr_line' id='line_1_13' title="bbox 710 1873 4127 1962; baseline 0.004 -25"><span class='ocrx_word' id='word_1_119' title='bbox 710 1878 1043 1957; x_wconf 89' lang='lat' dir='ltr'>acceptum</span> <span class='ocrx_word' id='word_1_120' title='bbox 1119 1894 1339 1941; x_wconf 87' lang='lat' dir='ltr'>secum</span> <span class='ocrx_word' id='word_1_121' title='bbox 1401 1878 1480 1942; x_wconf 86' lang='lat' dir='ltr'>ad</span> <span class='ocrx_word' id='word_1_122' title='bbox 1524 1881 1759 1945; x_wconf 86' lang='lat' dir='ltr'>inferos</span> <span class='ocrx_word' id='word_1_123' title='bbox 1830 1882 1990 1946; x_wconf 87' lang='lat' dir='ltr'>ferat</span> <span class='ocrx_word' id='word_1_124' title='bbox 2045 1878 2264 1962; x_wconf 78' lang='lat' dir='ltr'>iquue</span> <span class='ocrx_word' id='word_1_125' title='bbox 2335 1878 2616 1938; x_wconf 85' lang='lat' dir='ltr'>mortuae</span> <span class='ocrx_word' id='word_1_126' title='bbox 2687 1879 2872 1941; x_wconf 83' lang='lat' dir='ltr'>uxori</span> <span class='ocrx_word' id='word_1_127' title='bbox 2941 1878 3276 1962; x_wconf 80' lang='lat' dir='ltr'>adsignet?</span> <span class='ocrx_word' id='word_1_128' title='bbox 3359 1884 3447 1946; x_wconf 85' lang='lat' dir='ltr'>At</span> <span class='ocrx_word' id='word_1_129' title='bbox 3506 1884 3684 1949; x_wconf 85' lang='lat' dir='ltr'>adest</span> <span class='ocrx_word' id='word_1_130' title='bbox 3721 1889 3791 1949; x_wconf 91' lang='lat' dir='ltr'>in</span> <span class='ocrx_word' id='word_1_131' title='bbox 3843 1873 4127 1952; x_wconf 62' lang='lat' dir='ltr'>scaena‘</span> 
     </span>
     <span class='ocr_line' id='line_1_14' title="bbox 709 1996 4069 2088; baseline 0.004 -30"><span class='ocrx_word' id='word_1_132' title='bbox 709 2012 939 2079; x_wconf 91' lang='lat' dir='ltr'>corpus</span> <span class='ocrx_word' id='word_1_133' title='bbox 984 2001 1287 2063; x_wconf 86' lang='lat' dir='ltr'>mortuae.</span> <span class='ocrx_word' id='word_1_134' title='bbox 1400 1999 1623 2085; x_wconf 85' lang='lat' dir='ltr'>Itaque</span> <span class='ocrx_word' id='word_1_135' title='bbox 1693 2020 1820 2064; x_wconf 90' lang='lat' dir='ltr'>non</span> <span class='ocrx_word' id='word_1_136' title='bbox 1888 2005 1987 2064; x_wconf 89' lang='lat' dir='ltr'>est</span> <span class='ocrx_word' id='word_1_137' title='bbox 2046 1999 2429 2075; x_wconf 84' lang='lat' dir='ltr'>verendum,</span> <span class='ocrx_word' id='word_1_138' title='bbox 2495 2013 2576 2057; x_wconf 91' lang='lat' dir='ltr'>ne</span> <span class='ocrx_word' id='word_1_139' title='bbox 2622 1996 2766 2078; x_wconf 88' lang='lat' dir='ltr'>quis</span> <span class='ocrx_word' id='word_1_140' title='bbox 2810 1996 2967 2060; x_wconf 89' lang='lat' dir='ltr'>haec</span> <span class='ocrx_word' id='word_1_141' title='bbox 3023 1998 3214 2062; x_wconf 87' lang='lat' dir='ltr'>verba</span> <span class='ocrx_word' id='word_1_142' title='bbox 3256 2002 3343 2065; x_wconf 89' lang='lat' dir='ltr'>ita</span> <span class='ocrx_word' id='word_1_143' title='bbox 3389 2004 3659 2088; x_wconf 85' lang='lat' dir='ltr'>intelligi</span> <span class='ocrx_word' id='word_1_144' title='bbox 3704 2024 3897 2088; x_wconf 91' lang='lat' dir='ltr'>posse</span> <span class='ocrx_word' id='word_1_145' title='bbox 3944 2006 4069 2071; x_wconf 92' lang='lat' dir='ltr'>sibi</span> 
     </span>
     <span class='ocr_line' id='line_1_15' title="bbox 706 2112 4070 2205; baseline 0.004 -28"><span class='ocrx_word' id='word_1_146' title='bbox 706 2114 1100 2199; x_wconf 88' lang='lat' dir='ltr'>persuadeat.</span> <span class='ocrx_word' id='word_1_147' title='bbox 1214 2118 1319 2181; x_wconf 86' lang='lat' dir='ltr'>An</span> <span class='ocrx_word' id='word_1_148' title='bbox 1374 2119 1451 2183; x_wconf 91' lang='lat' dir='ltr'>ad</span> <span class='ocrx_word' id='word_1_149' title='bbox 1505 2112 1689 2205; x_wconf 76' lang='grc' dir='ltr'>δέχου</span> <span class='ocrx_word' id='word_1_150' title='bbox 1743 2125 1807 2184; x_wconf 93' lang='lat' dir='ltr'>et</span> <span class='ocrx_word' id='word_1_151' title='bbox 1862 2123 1976 2182; x_wconf 77' lang='grc' dir='ltr'><strong>ἴτω</strong></span> <span class='ocrx_word' id='word_1_152' title='bbox 2051 2118 2408 2183; x_wconf 89' lang='lat' dir='ltr'>subiectum</span> <span class='ocrx_word' id='word_1_153' title='bbox 2484 2119 2827 2183; x_wconf 87' lang='lat' dir='ltr'>Alcestidis</span> <span class='ocrx_word' id='word_1_154' title='bbox 2887 2119 3311 2204; x_wconf 88' lang='lat' dir='ltr'>supplendum</span> <span class='ocrx_word' id='word_1_155' title='bbox 3383 2124 3520 2184; x_wconf 76' lang='lat' dir='ltr'>est?</span> <span class='ocrx_word' id='word_1_156' title='bbox 3633 2123 3760 2188; x_wconf 89' lang='lat' dir='ltr'>Sed</span> <span class='ocrx_word' id='word_1_157' title='bbox 3850 2144 3932 2188; x_wconf 87' lang='lat' dir='ltr'>ne</span> <span class='ocrx_word' id='word_1_158' title='bbox 4006 2127 4070 2190; x_wconf 91' lang='lat' dir='ltr'>id</span> 
     </span>
     <span class='ocr_line' id='line_1_16' title="bbox 708 2234 4068 2322; baseline 0.003 -25"><span class='ocrx_word' id='word_1_159' title='bbox 708 2234 968 2317; x_wconf 90' lang='lat' dir='ltr'>quidem</span> <span class='ocrx_word' id='word_1_160' title='bbox 1012 2255 1163 2300; x_wconf 75' lang='lat' dir='ltr'>vere</span> <span class='ocrx_word' id='word_1_161' title='bbox 1204 2238 1328 2302; x_wconf 88' lang='lat' dir='ltr'>dici</span> <span class='ocrx_word' id='word_1_162' title='bbox 1371 2242 1582 2322; x_wconf 87' lang='lat' dir='ltr'>potest</span> <span class='ocrx_word' id='word_1_163' title='bbox 1624 2238 1724 2302; x_wconf 85' lang='lat' dir='ltr'>his</span> <span class='ocrx_word' id='word_1_164' title='bbox 1769 2239 1865 2314; x_wconf 67' lang='lat' dir='ltr'>de</span> <span class='ocrx_word' id='word_1_165' title='bbox 1893 2241 2136 2318; x_wconf 81' lang='lat' dir='ltr'>causis3</span> <span class='ocrx_word' id='word_1_166' title='bbox 2176 2258 2325 2302; x_wconf 89' lang='lat' dir='ltr'>nam</span> <span class='ocrx_word' id='word_1_167' title='bbox 2360 2257 2550 2302; x_wconf 86' lang='lat' dir='ltr'>versu</span> <span class='ocrx_word' id='word_1_168' title='bbox 2595 2239 2719 2301; x_wconf 85' lang='lat'>625</span> <span class='ocrx_word' id='word_1_169' title='bbox 2764 2239 3024 2302; x_wconf 79' lang='lat' dir='ltr'>demum</span> <span class='ocrx_word' id='word_1_170' title='bbox 3067 2237 3302 2302; x_wconf 84' lang='lat' dir='ltr'>Pheres</span> <span class='ocrx_word' id='word_1_171' title='bbox 3337 2247 3646 2306; x_wconf 87' lang='lat' dir='ltr'>mortuam</span> <span class='ocrx_word' id='word_1_172' title='bbox 3683 2243 4068 2308; x_wconf 88' lang='lat' dir='ltr'>Alcestidem</span> 
     </span>
     <span class='ocr_line' id='line_1_17' title="bbox 706 2347 4065 2442; baseline 0.003 -25"><span class='ocrx_word' id='word_1_173' title='bbox 706 2352 1079 2438; x_wconf 87' lang='lat' dir='ltr'>alloquitur:</span> <span class='ocrx_word' id='word_1_174' title='bbox 1147 2348 1197 2417; x_wconf 77' lang='grc' dir='ltr'><em>ὦ</em></span> <span class='ocrx_word' id='word_1_175' title='bbox 1242 2347 1417 2419; x_wconf 76' lang='grc' dir='ltr'><strong>τόνδε</strong></span> <span class='ocrx_word' id='word_1_176' title='bbox 1459 2356 1567 2442; x_wconf 79' lang='grc' dir='ltr'>μὲν</span> <span class='ocrx_word' id='word_1_177' title='bbox 1610 2349 1859 2440; x_wconf 68' lang='grc' dir='ltr'><em>σῴσανί,</em></span> <span class='ocrx_word' id='word_1_178' title='bbox 1914 2348 2307 2428; x_wconf 67' lang='grc' dir='ltr'><strong>ἀναστήσασα</strong></span> <span class='ocrx_word' id='word_1_179' title='bbox 2351 2349 2422 2419; x_wconf 68' lang='grc' dir='ltr'>δὲ</span> <span class='ocrx_word' id='word_1_180' title='bbox 2465 2360 2603 2418; x_wconf 83' lang='grc' dir='ltr'><strong>κτλ.</strong></span> <span class='ocrx_word' id='word_1_181' title='bbox 2687 2355 2881 2422; x_wconf 90' lang='lat' dir='ltr'>Porro</span> <span class='ocrx_word' id='word_1_182' title='bbox 2924 2377 3273 2440; x_wconf 90' lang='lat' dir='ltr'>pronomen</span> <span class='ocrx_word' id='word_1_183' title='bbox 3319 2351 3547 2433; x_wconf 78' lang='grc' dir='ltr'><strong>ταύτης</strong></span> <span class='ocrx_word' id='word_1_184' title='bbox 3591 2382 3650 2423; x_wconf 87' lang='lat' dir='ltr'>v.</span> <span class='ocrx_word' id='word_1_185' title='bbox 3699 2362 3822 2425; x_wconf 85' lang='lat'>619</span> <span class='ocrx_word' id='word_1_186' title='bbox 3869 2382 4065 2427; x_wconf 89' lang='lat' dir='ltr'>sensu</span> 
     </span>
     <span class='ocr_line' id='line_1_18' title="bbox 706 2469 4068 2566; baseline 0.002 -29"><span class='ocrx_word' id='word_1_187' title='bbox 706 2477 962 2538; x_wconf 85' lang='lat' dir='ltr'>careret.</span> <span class='ocrx_word' id='word_1_188' title='bbox 1051 2473 1349 2560; x_wconf 88' lang='lat' dir='ltr'>Denique</span> <span class='ocrx_word' id='word_1_189' title='bbox 1393 2477 1697 2561; x_wconf 87' lang='lat' dir='ltr'>particula</span> <span class='ocrx_word' id='word_1_190' title='bbox 1741 2469 1837 2555; x_wconf 72' lang='grc' dir='ltr'>δὲ,</span> <span class='ocrx_word' id='word_1_191' title='bbox 1898 2497 2062 2562; x_wconf 89' lang='lat' dir='ltr'>quae</span> <span class='ocrx_word' id='word_1_192' title='bbox 2106 2480 2366 2560; x_wconf 87' lang='lat' dir='ltr'>respicit</span> <span class='ocrx_word' id='word_1_193' title='bbox 2410 2477 2488 2540; x_wconf 88' lang='lat' dir='ltr'>ad</span> <span class='ocrx_word' id='word_1_194' title='bbox 2523 2478 3000 2541; x_wconf 86' lang='lat' dir='ltr'>antecedentem</span> <span class='ocrx_word' id='word_1_195' title='bbox 3050 2475 3157 2560; x_wconf 83' lang='grc' dir='ltr'>μὲν</span> <span class='ocrx_word' id='word_1_196' title='bbox 3200 2480 3604 2566; x_wconf 75' lang='lat' dir='ltr'>particulam,</span> <span class='ocrx_word' id='word_1_197' title='bbox 3660 2482 4068 2564; x_wconf 87' lang='lat' dir='ltr'>demonstrat,</span> 
     </span>
     <span class='ocr_line' id='line_1_19' title="bbox 707 2588 4067 2683; baseline 0.003 -28"><span class='ocrx_word' id='word_1_198' title='bbox 707 2610 879 2675; x_wconf 90' lang='lat' dir='ltr'>eum,</span> <span class='ocrx_word' id='word_1_199' title='bbox 923 2612 1115 2677; x_wconf 86' lang='lat' dir='ltr'>quem</span> <span class='ocrx_word' id='word_1_200' title='bbox 1140 2594 1374 2660; x_wconf 88' lang='lat' dir='ltr'>Pheres</span> <span class='ocrx_word' id='word_1_201' title='bbox 1419 2595 1632 2661; x_wconf 89' lang='lat' dir='ltr'>verbis</span> <span class='ocrx_word' id='word_1_202' title='bbox 1677 2589 1862 2683; x_wconf 75' lang='grc' dir='ltr'>δέχου</span> <span class='ocrx_word' id='word_1_203' title='bbox 1907 2588 1979 2658; x_wconf 76' lang='grc' dir='ltr'>δὲ</span> <span class='ocrx_word' id='word_1_204' title='bbox 2021 2599 2157 2658; x_wconf 78' lang='grc' dir='ltr'><strong>κτλ.</strong></span> <span class='ocrx_word' id='word_1_205' title='bbox 2197 2597 2561 2680; x_wconf 86' lang='lat' dir='ltr'>alloquitur,</span> <span class='ocrx_word' id='word_1_206' title='bbox 2603 2597 2879 2662; x_wconf 86' lang='lat' dir='ltr'>eundem</span> <span class='ocrx_word' id='word_1_207' title='bbox 2928 2617 3093 2678; x_wconf 88' lang='lat' dir='ltr'>esse,</span> <span class='ocrx_word' id='word_1_208' title='bbox 3139 2618 3330 2681; x_wconf 87' lang='lat' dir='ltr'>quem</span> <span class='ocrx_word' id='word_1_209' title='bbox 3361 2606 3548 2664; x_wconf 87' lang='lat' dir='ltr'>antea</span> <span class='ocrx_word' id='word_1_210' title='bbox 3590 2601 3905 2665; x_wconf 89' lang='lat' dir='ltr'>allocutus</span> <span class='ocrx_word' id='word_1_211' title='bbox 3950 2607 4067 2682; x_wconf 90' lang='lat' dir='ltr'>est,</span> 
     </span>
     <span class='ocr_line' id='line_1_20' title="bbox 705 2708 4069 2801; baseline 0.004 -29"><span class='ocrx_word' id='word_1_212' title='bbox 705 2711 747 2773; x_wconf 90' lang='lat' dir='ltr'>i.</span> <span class='ocrx_word' id='word_1_213' title='bbox 795 2729 848 2773; x_wconf 90' lang='lat' dir='ltr'>e.</span> <span class='ocrx_word' id='word_1_214' title='bbox 900 2711 1106 2776; x_wconf 87' lang='lat' dir='ltr'>filium</span> <span class='ocrx_word' id='word_1_215' title='bbox 1162 2714 1527 2779; x_wconf 89' lang='lat' dir='ltr'>Admetum.</span> <span class='ocrx_word' id='word_1_216' title='bbox 1618 2714 1917 2800; x_wconf 85' lang='lat' dir='ltr'>Denique</span> <span class='ocrx_word' id='word_1_217' title='bbox 1984 2716 2139 2778; x_wconf 85' lang='lat' dir='ltr'>mihi</span> <span class='ocrx_word' id='word_1_218' title='bbox 2202 2716 2497 2799; x_wconf 89' lang='lat' dir='ltr'>displicet</span> <span class='ocrx_word' id='word_1_219' title='bbox 2559 2736 2906 2800; x_wconf 90' lang='lat' dir='ltr'>pronomen</span> <span class='ocrx_word' id='word_1_220' title='bbox 2974 2708 3236 2795; x_wconf 76' lang='grc' dir='ltr'><strong>ταύτης,</strong></span> <span class='ocrx_word' id='word_1_221' title='bbox 3301 2737 3450 2782; x_wconf 88' lang='lat' dir='ltr'>cum</span> <span class='ocrx_word' id='word_1_222' title='bbox 3513 2738 3625 2801; x_wconf 88' lang='lat' dir='ltr'>per</span> <span class='ocrx_word' id='word_1_223' title='bbox 3668 2724 3860 2784; x_wconf 89' lang='lat' dir='ltr'>totam</span> <span class='ocrx_word' id='word_1_224' title='bbox 3906 2720 4069 2785; x_wconf 91' lang='lat' dir='ltr'>hanc</span> 
     </span>
     <span class='ocr_line' id='line_1_21' title="bbox 706 2826 4068 2921; baseline 0.004 -29"><span class='ocrx_word' id='word_1_225' title='bbox 706 2847 1025 2914; x_wconf 87' lang='lat' dir='ltr'>scaenam,</span> <span class='ocrx_word' id='word_1_226' title='bbox 1070 2831 1180 2896; x_wconf 92' lang='lat' dir='ltr'>ubi</span> <span class='ocrx_word' id='word_1_227' title='bbox 1211 2833 1290 2897; x_wconf 87' lang='lat' dir='ltr'>de</span> <span class='ocrx_word' id='word_1_228' title='bbox 1320 2834 1642 2899; x_wconf 90' lang='lat' dir='ltr'>Alcestide</span> <span class='ocrx_word' id='word_1_229' title='bbox 1676 2854 1886 2900; x_wconf 91' lang='lat' dir='ltr'>sermo</span> <span class='ocrx_word' id='word_1_230' title='bbox 1930 2839 2042 2912; x_wconf 89' lang='lat' dir='ltr'>est,</span> <span class='ocrx_word' id='word_1_231' title='bbox 2088 2854 2440 2918; x_wconf 87' lang='lat' dir='ltr'>pronomen</span> <span class='ocrx_word' id='word_1_232' title='bbox 2489 2826 2593 2897; x_wconf 77' lang='grc' dir='ltr'>ὅδε</span> <span class='ocrx_word' id='word_1_233' title='bbox 2640 2842 2980 2921; x_wconf 84' lang='lat' dir='ltr'>usurpetur</span> <span class='ocrx_word' id='word_1_234' title='bbox 3018 2837 3091 2899; x_wconf 83' lang='lat' dir='ltr'>cf.</span> <span class='ocrx_word' id='word_1_235' title='bbox 3136 2857 3196 2898; x_wconf 67' lang='grc' dir='ltr'>ν.</span> <span class='ocrx_word' id='word_1_236' title='bbox 3243 2838 3382 2900; x_wconf 91' lang='grc'><strong>631.</strong></span> <span class='ocrx_word' id='word_1_237' title='bbox 3433 2839 3530 2904; x_wconf 89' lang='lat'>35.</span> <span class='ocrx_word' id='word_1_238' title='bbox 3573 2837 3674 2901; x_wconf 85' lang='lat'>45.</span> <span class='ocrx_word' id='word_1_239' title='bbox 3711 2840 3811 2903; x_wconf 87' lang='lat'>51.</span> <span class='ocrx_word' id='word_1_240' title='bbox 3881 2839 4068 2904; x_wconf 90' lang='lat' dir='ltr'>Coni-</span> 
     </span>
     <span class='ocr_line' id='line_1_22' title="bbox 703 2948 4067 3044; baseline 0.004 -34"><span class='ocrx_word' id='word_1_241' title='bbox 703 2948 928 3013; x_wconf 90' lang='lat' dir='ltr'>ciendo</span> <span class='ocrx_word' id='word_1_242' title='bbox 972 2949 1073 3013; x_wconf 89' lang='lat' dir='ltr'>his</span> <span class='ocrx_word' id='word_1_243' title='bbox 1118 2951 1413 3016; x_wconf 86' lang='lat' dir='ltr'>versibus</span> <span class='ocrx_word' id='word_1_244' title='bbox 1454 2952 1695 3018; x_wconf 89' lang='lat' dir='ltr'>mederi</span> <span class='ocrx_word' id='word_1_245' title='bbox 1750 2973 1878 3018; x_wconf 93' lang='lat' dir='ltr'>non</span> <span class='ocrx_word' id='word_1_246' title='bbox 1924 2956 2180 3038; x_wconf 90' lang='lat' dir='ltr'>poteris.</span> <span class='ocrx_word' id='word_1_247' title='bbox 2273 2954 2592 3037; x_wconf 82' lang='lat' dir='ltr'>Equidem</span> <span class='ocrx_word' id='word_1_248' title='bbox 2656 2955 2928 3019; x_wconf 88' lang='lat' dir='ltr'>delenda</span> <span class='ocrx_word' id='word_1_249' title='bbox 2972 2973 3116 3019; x_wconf 90' lang='lat' dir='ltr'>esse</span> <span class='ocrx_word' id='word_1_250' title='bbox 3161 2955 3386 3021; x_wconf 79' lang='lat' dir='ltr'>verba:</span> <span class='ocrx_word' id='word_1_251' title='bbox 3434 2957 3535 3018; x_wconf 78' lang='grc' dir='ltr'>καὶ</span> <span class='ocrx_word' id='word_1_252' title='bbox 3577 2951 3743 3019; x_wconf 77' lang='grc' dir='ltr'><strong>κατὰ</strong></span> <span class='ocrx_word' id='word_1_253' title='bbox 3783 2951 4008 3043; x_wconf 77' lang='grc' dir='ltr'>χθονός</span> <span class='ocrx_word' id='word_1_254' title='bbox 4049 2963 4067 3044; x_wconf 82' lang='grc' dir='ltr'>Η</span> 
     </span>
     <span class='ocr_line' id='line_1_23' title="bbox 701 3052 3370 3158; baseline 0.004 -31"><span class='ocrx_word' id='word_1_255' title='bbox 701 3068 844 3128; x_wconf 79' lang='grc' dir='ltr'><strong>ἴτω·</strong></span> <span class='ocrx_word' id='word_1_256' title='bbox 889 3062 964 3130; x_wconf 86' lang='grc' dir='ltr'><strong>τὸ</strong></span> <span class='ocrx_word' id='word_1_257' title='bbox 1009 3060 1239 3145; x_wconf 77' lang='grc' dir='ltr'><strong>ταύτης</strong></span> <span class='ocrx_word' id='word_1_258' title='bbox 1284 3077 1462 3158; x_wconf 80' lang='grc' dir='ltr'>σῶμα</span> <span class='ocrx_word' id='word_1_259' title='bbox 1502 3074 2006 3158; x_wconf 84' lang='lat' dir='ltr'>Euripidemque</span> <span class='ocrx_word' id='word_1_260' title='bbox 2052 3073 2113 3137; x_wconf 90' lang='lat' dir='ltr'>id</span> <span class='ocrx_word' id='word_1_261' title='bbox 2157 3077 2405 3137; x_wconf 88' lang='lat' dir='ltr'>tantum</span> <span class='ocrx_word' id='word_1_262' title='bbox 2446 3076 2781 3156; x_wconf 87' lang='lat' dir='ltr'>scripsisse</span> <span class='ocrx_word' id='word_1_263' title='bbox 2825 3093 3089 3138; x_wconf 89' lang='lat' dir='ltr'>censeo:</span> <span class='ocrx_word' id='word_1_264' title='bbox 3366 3052 3370 3056; x_wconf 77' lang='lat'>.</span> 
     </span>
    </p>

    <p class='ocr_par' dir='ltr' id='par_1_7' title="bbox 1396 3183 3130 3398">
     <span class='ocr_line' id='line_1_24' title="bbox 1544 3183 2946 3280; baseline -0.002 -24"><span class='ocrx_word' id='word_1_265' title='bbox 1544 3186 1728 3279; x_wconf 78' lang='grc' dir='ltr'>δέχου</span> <span class='ocrx_word' id='word_1_266' title='bbox 1773 3186 1844 3256; x_wconf 78' lang='grc' dir='ltr'>δὲ</span> <span class='ocrx_word' id='word_1_267' title='bbox 1887 3186 2113 3278; x_wconf 82' lang='grc' dir='ltr'>κόσμον</span> <span class='ocrx_word' id='word_1_268' title='bbox 2155 3184 2364 3255; x_wconf 77' lang='grc' dir='ltr'><strong>τόνδε’</strong></span> <span class='ocrx_word' id='word_1_269' title='bbox 2411 3198 2713 3277; x_wconf 77' lang='grc' dir='ltr'><strong>τιμᾶσθαι</strong></span> <span class='ocrx_word' id='word_1_270' title='bbox 2753 3183 2946 3280; x_wconf 76' lang='grc' dir='ltr'><strong>χρεών</strong></span> 
     </span>
     <span class='ocr_line' id='line_1_25' title="bbox 1396 3306 3130 3398; baseline -0.002 -23"><span class='ocrx_word' id='word_1_271' title='bbox 1396 3386 1403 3393; x_wconf 43' lang='grc'><strong>,</strong></span> <span class='ocrx_word' id='word_1_272' title='bbox 1543 3310 1676 3387; x_wconf 78' lang='grc' dir='ltr'><strong>ἥτις</strong></span> <span class='ocrx_word' id='word_1_273' title='bbox 1706 3335 1778 3398; x_wconf 86' lang='grc' dir='ltr'>γε</span> <span class='ocrx_word' id='word_1_274' title='bbox 1822 3317 1932 3387; x_wconf 79' lang='grc' dir='ltr'><strong>τῆς</strong></span> <span class='ocrx_word' id='word_1_275' title='bbox 1976 3316 2082 3386; x_wconf 79' lang='grc' dir='ltr'>σῆς</span> <span class='ocrx_word' id='word_1_276' title='bbox 2124 3306 2429 3398; x_wconf 78' lang='grc' dir='ltr'><strong>προῦθανε</strong></span> <span class='ocrx_word' id='word_1_277' title='bbox 2473 3311 2685 3398; x_wconf 71' lang='grc' dir='ltr'>ψυχῆς,</span> <span class='ocrx_word' id='word_1_278' title='bbox 2724 3310 2951 3388; x_wconf 77' lang='grc' dir='ltr'><strong>τέκνον,</strong></span> <span class='ocrx_word' id='word_1_279' title='bbox 2993 3314 3130 3373; x_wconf 83' lang='grc' dir='ltr'><strong>κτλ.</strong></span> 
     </span>
    </p>

    <p class='ocr_par' dir='ltr' id='par_1_8' title="bbox 699 3429 4062 3875">
     <span class='ocr_line' id='line_1_26' title="bbox 703 3429 4062 3518; baseline 0.001 -22"><span class='ocrx_word' id='word_1_280' title='bbox 703 3432 1019 3497; x_wconf 89' lang='lat' dir='ltr'>Admetus</span> <span class='ocrx_word' id='word_1_281' title='bbox 1049 3435 1243 3517; x_wconf 89' lang='lat' dir='ltr'>igitur</span> <span class='ocrx_word' id='word_1_282' title='bbox 1285 3435 1469 3497; x_wconf 88' lang='lat' dir='ltr'>dicit:</span> <span class='ocrx_word' id='word_1_283' title='bbox 1537 3433 1775 3516; x_wconf 88' lang='lat' dir='ltr'>Accipe</span> <span class='ocrx_word' id='word_1_284' title='bbox 1821 3434 1938 3498; x_wconf 90' lang='lat' dir='ltr'>hoc</span> <span class='ocrx_word' id='word_1_285' title='bbox 1981 3438 2456 3510; x_wconf 77' lang='lat' dir='ltr'>ornamentun13</span> <span class='ocrx_word' id='word_1_286' title='bbox 2502 3451 2641 3496; x_wconf 89' lang='lat' dir='ltr'>eam</span> <span class='ocrx_word' id='word_1_287' title='bbox 2688 3431 2925 3493; x_wconf 92' lang='lat' dir='ltr'>honore</span> <span class='ocrx_word' id='word_1_288' title='bbox 2970 3429 3135 3493; x_wconf 84' lang='lat' dir='ltr'>affici</span> <span class='ocrx_word' id='word_1_289' title='bbox 3180 3450 3446 3495; x_wconf 90' lang='lat' dir='ltr'>necesse</span> <span class='ocrx_word' id='word_1_290' title='bbox 3491 3436 3618 3514; x_wconf 90' lang='lat' dir='ltr'>est,</span> <span class='ocrx_word' id='word_1_291' title='bbox 3664 3453 3829 3517; x_wconf 89' lang='lat' dir='ltr'>quae</span> <span class='ocrx_word' id='word_1_292' title='bbox 3856 3455 3971 3518; x_wconf 93' lang='lat' dir='ltr'>pro</span> <span class='ocrx_word' id='word_1_293' title='bbox 4001 3440 4062 3497; x_wconf 88' lang='lat' dir='ltr'>tc</span> 
     </span>
     <span class='ocr_line' id='line_1_27' title="bbox 701 3551 4060 3636; baseline 0.001 -22"><span class='ocrx_word' id='word_1_294' title='bbox 701 3556 949 3615; x_wconf 88' lang='lat' dir='ltr'>mortua</span> <span class='ocrx_word' id='word_1_295' title='bbox 991 3556 1105 3615; x_wconf 90' lang='lat' dir='ltr'>est.</span> <span class='ocrx_word' id='word_1_296' title='bbox 1193 3552 1427 3617; x_wconf 87' lang='lat' dir='ltr'>Addita</span> <span class='ocrx_word' id='word_1_297' title='bbox 1491 3557 1643 3617; x_wconf 87' lang='lat' dir='ltr'>sunt</span> <span class='ocrx_word' id='word_1_298' title='bbox 1712 3551 1906 3616; x_wconf 91' lang='lat' dir='ltr'>verba</span> <span class='ocrx_word' id='word_1_299' title='bbox 1957 3573 1994 3615; x_wconf 88' lang='lat' dir='ltr'>a</span> <span class='ocrx_word' id='word_1_300' title='bbox 2061 3551 2369 3635; x_wconf 89' lang='lat' dir='ltr'>quodam,</span> <span class='ocrx_word' id='word_1_301' title='bbox 2436 3553 2542 3614; x_wconf 90' lang='lat' dir='ltr'>cui</span> <span class='ocrx_word' id='word_1_302' title='bbox 2592 3551 2947 3631; x_wconf 81' lang='lat' dir='ltr'>asyndeton</span> <span class='ocrx_word' id='word_1_303' title='bbox 3003 3552 3198 3614; x_wconf 89' lang='lat' dir='ltr'>nimis</span> <span class='ocrx_word' id='word_1_304' title='bbox 3251 3551 3477 3615; x_wconf 86' lang='lat' dir='ltr'>durum</span> <span class='ocrx_word' id='word_1_305' title='bbox 3525 3552 3889 3635; x_wconf 77' lang='lat' dir='ltr'>videbatur,</span> <span class='ocrx_word' id='word_1_306' title='bbox 3950 3555 4060 3636; x_wconf 90' lang='lat' dir='ltr'>qui</span> 
     </span>
     <span class='ocr_line' id='line_1_28' title="bbox 701 3669 4061 3754; baseline 0.001 -21"><span class='ocrx_word' id='word_1_307' title='bbox 701 3688 828 3752; x_wconf 92' lang='lat' dir='ltr'>que</span> <span class='ocrx_word' id='word_1_308' title='bbox 874 3672 1249 3736; x_wconf 88' lang='lat' dir='ltr'>meminerat</span> <span class='ocrx_word' id='word_1_309' title='bbox 1288 3672 1633 3737; x_wconf 87' lang='lat' dir='ltr'>Admetum</span> <span class='ocrx_word' id='word_1_310' title='bbox 1677 3678 1865 3736; x_wconf 88' lang='lat' dir='ltr'>antea</span> <span class='ocrx_word' id='word_1_311' title='bbox 1906 3671 2183 3748; x_wconf 80' lang='lat' dir='ltr'>dixisse,</span> <span class='ocrx_word' id='word_1_312' title='bbox 2248 3691 2318 3734; x_wconf 91' lang='lat' dir='ltr'>se</span> <span class='ocrx_word' id='word_1_313' title='bbox 2372 3672 2428 3734; x_wconf 89' lang='lat' dir='ltr'>si</span> <span class='ocrx_word' id='word_1_314' title='bbox 2474 3669 2705 3754; x_wconf 88' lang='lat' dir='ltr'>Orphei</span> <span class='ocrx_word' id='word_1_315' title='bbox 2766 3690 2985 3734; x_wconf 85' lang='lat' dir='ltr'>vocem</span> <span class='ocrx_word' id='word_1_316' title='bbox 3047 3669 3333 3752; x_wconf 86' lang='lat' dir='ltr'>haberet,</span> <span class='ocrx_word' id='word_1_317' title='bbox 3393 3672 3471 3735; x_wconf 88' lang='lat' dir='ltr'>ad</span> <span class='ocrx_word' id='word_1_318' title='bbox 3518 3673 3752 3738; x_wconf 85' lang='lat' dir='ltr'>inferos</span> <span class='ocrx_word' id='word_1_319' title='bbox 3797 3674 4061 3737; x_wconf 87' lang='lat' dir='ltr'>descon-</span> 
     </span>
     <span class='ocr_line' id='line_1_29' title="bbox 699 3773 1896 3875; baseline 0.001 -23"><span class='ocrx_word' id='word_1_320' title='bbox 699 3807 923 3853; x_wconf 89' lang='lat' dir='ltr'>surum</span> <span class='ocrx_word' id='word_1_321' title='bbox 966 3790 1168 3855; x_wconf 87' lang='lat' dir='ltr'>fuisse</span> <span class='ocrx_word' id='word_1_322' title='bbox 1208 3793 1285 3855; x_wconf 86' lang='lat' dir='ltr'>cf.</span> <span class='ocrx_word' id='word_1_323' title='bbox 1335 3812 1394 3860; x_wconf 81' lang='lat' dir='ltr'>v,</span> <span class='ocrx_word' id='word_1_324' title='bbox 1437 3773 1579 3856; x_wconf 75' lang='lat'>358&#39;</span> <span class='ocrx_word' id='word_1_325' title='bbox 1605 3798 1670 3857; x_wconf 91' lang='lat' dir='ltr'>et</span> <span class='ocrx_word' id='word_1_326' title='bbox 1717 3811 1896 3875; x_wconf 86' lang='lat' dir='ltr'>seqq.</span> 
     </span>
    </p>

    <p class='ocr_par' dir='ltr' id='par_1_9' title="bbox 693 3909 4057 4591">
     <span class='ocr_line' id='line_1_30' title="bbox 1031 3909 4057 3995; baseline 0.001 -22"><span class='ocrx_word' id='word_1_327' title='bbox 1031 3909 1284 3976; x_wconf 85' lang='lat' dir='ltr'>Patrem</span> <span class='ocrx_word' id='word_1_328' title='bbox 1347 3911 1520 3975; x_wconf 87' lang='lat' dir='ltr'>filius</span> <span class='ocrx_word' id='word_1_329' title='bbox 1584 3909 2014 3975; x_wconf 86' lang='lat' dir='ltr'>acerbissimis</span> <span class='ocrx_word' id='word_1_330' title='bbox 2082 3909 2296 3976; x_wconf 81' lang='lat' dir='ltr'>verbis</span> <span class='ocrx_word' id='word_1_331' title='bbox 2359 3911 2712 3974; x_wconf 78' lang='grc'>627-672</span> <span class='ocrx_word' id='word_1_332' title='bbox 2782 3912 3044 3995; x_wconf 89' lang='lat' dir='ltr'>repellit.</span> <span class='ocrx_word' id='word_1_333' title='bbox 3159 3910 3422 3975; x_wconf 86' lang='lat' dir='ltr'>Initium</span> <span class='ocrx_word' id='word_1_334' title='bbox 3492 3911 3684 3975; x_wconf 88' lang='lat' dir='ltr'>huius</span> <span class='ocrx_word' id='word_1_335' title='bbox 3752 3912 4057 3995; x_wconf 88' lang='lat' dir='ltr'>longioris</span> 
     </span>
     <span class='ocr_line' id='line_1_31' title="bbox 698 4027 4056 4116; baseline 0.001 -26"><span class='ocrx_word' id='word_1_336' title='bbox 698 4029 999 4092; x_wconf 87' lang='lat' dir='ltr'>orationis</span> <span class='ocrx_word' id='word_1_337' title='bbox 1067 4027 1250 4093; x_wconf 82' lang='lat' dir='ltr'>facile</span> <span class='ocrx_word' id='word_1_338' title='bbox 1296 4033 1409 4093; x_wconf 88' lang='lat' dir='ltr'>est.</span> <span class='ocrx_word' id='word_1_339' title='bbox 1528 4027 1699 4093; x_wconf 89' lang='lat' dir='ltr'>Dicit</span> <span class='ocrx_word' id='word_1_340' title='bbox 1741 4031 1915 4094; x_wconf 88' lang='lat' dir='ltr'>enim</span> <span class='ocrx_word' id='word_1_341' title='bbox 1959 4030 2160 4094; x_wconf 89' lang='lat' dir='ltr'>filins:</span> <span class='ocrx_word' id='word_1_342' title='bbox 2210 4030 2463 4093; x_wconf 89' lang='lat' dir='ltr'>Venisti</span> <span class='ocrx_word' id='word_1_343' title='bbox 2503 4053 2541 4093; x_wconf 88' lang='lat' dir='ltr'>a</span> <span class='ocrx_word' id='word_1_344' title='bbox 2587 4049 2687 4094; x_wconf 90' lang='lat' dir='ltr'>me</span> <span class='ocrx_word' id='word_1_345' title='bbox 2751 4031 2833 4095; x_wconf 86' lang='lat' dir='ltr'>ad</span> <span class='ocrx_word' id='word_1_346' title='bbox 2897 4032 3012 4095; x_wconf 87' lang='lat' dir='ltr'>hoc</span> <span class='ocrx_word' id='word_1_347' title='bbox 3056 4032 3253 4096; x_wconf 87' lang='lat' dir='ltr'>funus</span> <span class='ocrx_word' id='word_1_348' title='bbox 3300 4051 3428 4095; x_wconf 88' lang='lat' dir='ltr'>non</span> <span class='ocrx_word' id='word_1_349' title='bbox 3476 4036 3775 4111; x_wconf 79' lang='lat' dir='ltr'>vocatuS,</span> <span class='ocrx_word' id='word_1_350' title='bbox 3845 4052 4056 4116; x_wconf 89' lang='lat' dir='ltr'>neque</span> 
     </span>
     <span class='ocr_line' id='line_1_32' title="bbox 693 4149 4053 4234; baseline 0 -24"><span class='ocrx_word' id='word_1_351' title='bbox 693 4151 945 4230; x_wconf 87' lang='lat' dir='ltr'>gratum</span> <span class='ocrx_word' id='word_1_352' title='bbox 994 4149 1151 4211; x_wconf 90' lang='lat' dir='ltr'>mihi</span> <span class='ocrx_word' id='word_1_353' title='bbox 1207 4154 1334 4230; x_wconf 90' lang='lat' dir='ltr'>est,</span> <span class='ocrx_word' id='word_1_354' title='bbox 1399 4149 1567 4232; x_wconf 90' lang='lat' dir='ltr'>quod</span> <span class='ocrx_word' id='word_1_355' title='bbox 1632 4150 1965 4213; x_wconf 81' lang='lat' dir='ltr'>advenisti.</span> <span class='ocrx_word' id='word_1_356' title='bbox 2078 4149 2537 4213; x_wconf 87' lang='lat' dir='ltr'>Ornamentum</span> <span class='ocrx_word' id='word_1_357' title='bbox 2595 4149 2764 4213; x_wconf 90' lang='lat' dir='ltr'>istud</span> <span class='ocrx_word' id='word_1_358' title='bbox 2831 4150 2937 4213; x_wconf 88' lang='lat' dir='ltr'>illa</span> <span class='ocrx_word' id='word_1_359' title='bbox 3001 4170 3331 4234; x_wconf 85' lang='lat' dir='ltr'>nunquam</span> <span class='ocrx_word' id='word_1_360' title='bbox 3379 4149 3631 4228; x_wconf 85' lang='lat' dir='ltr'>induet3</span> <span class='ocrx_word' id='word_1_361' title='bbox 3700 4169 3851 4213; x_wconf 87' lang='lat' dir='ltr'>nam</span> <span class='ocrx_word' id='word_1_362' title='bbox 3896 4149 4053 4214; x_wconf 85' lang='lat' dir='ltr'>nihil</span> 
     </span>
     <span class='ocr_line' id='line_1_33' title="bbox 694 4267 4054 4352; baseline 0.001 -25"><span class='ocrx_word' id='word_1_363' title='bbox 694 4268 945 4329; x_wconf 84' lang='lat' dir='ltr'>tuarum</span> <span class='ocrx_word' id='word_1_364' title='bbox 988 4285 1198 4331; x_wconf 90' lang='lat' dir='ltr'>rerum</span> <span class='ocrx_word' id='word_1_365' title='bbox 1245 4286 1409 4351; x_wconf 90' lang='lat' dir='ltr'>opus</span> <span class='ocrx_word' id='word_1_366' title='bbox 1452 4273 1549 4332; x_wconf 89' lang='lat' dir='ltr'>est</span> <span class='ocrx_word' id='word_1_367' title='bbox 1605 4270 1682 4333; x_wconf 91' lang='lat' dir='ltr'>ad</span> <span class='ocrx_word' id='word_1_368' title='bbox 1737 4288 1877 4333; x_wconf 87' lang='lat' dir='ltr'>eam</span> <span class='ocrx_word' id='word_1_369' title='bbox 1941 4269 2395 4351; x_wconf 90' lang='lat' dir='ltr'>sepeliendam.</span> <span class='ocrx_word' id='word_1_370' title='bbox 2504 4267 2597 4331; x_wconf 84' lang='lat' dir='ltr'>Ee</span> <span class='ocrx_word' id='word_1_371' title='bbox 2663 4274 2946 4351; x_wconf 87' lang='lat' dir='ltr'>tempore</span> <span class='ocrx_word' id='word_1_372' title='bbox 2993 4287 3243 4333; x_wconf 88' lang='lat' dir='ltr'>mecum</span> <span class='ocrx_word' id='word_1_373' title='bbox 3288 4270 3502 4333; x_wconf 90' lang='lat' dir='ltr'>dolore</span> <span class='ocrx_word' id='word_1_374' title='bbox 3545 4267 3861 4350; x_wconf 77' lang='lat' dir='ltr'>debebas,</span> <span class='ocrx_word' id='word_1_375' title='bbox 3926 4287 4054 4352; x_wconf 89' lang='lat' dir='ltr'>quo</span> 
     </span>
     <span class='ocr_line' id='line_1_34' title="bbox 695 4384 4055 4472; baseline 0.001 -26"><span class='ocrx_word' id='word_1_376' title='bbox 695 4384 1059 4468; x_wconf 88' lang='lat' dir='ltr'>interibam;</span> <span class='ocrx_word' id='word_1_377' title='bbox 1104 4392 1167 4451; x_wconf 87' lang='lat' dir='ltr'>at</span> <span class='ocrx_word' id='word_1_378' title='bbox 1203 4392 1274 4452; x_wconf 91' lang='lat' dir='ltr'>tu</span> <span class='ocrx_word' id='word_1_379' title='bbox 1319 4389 1640 4452; x_wconf 87' lang='lat' dir='ltr'>recessisti</span> <span class='ocrx_word' id='word_1_380' title='bbox 1684 4389 2013 4472; x_wconf 86' lang='lat' dir='ltr'>aliumque</span> <span class='ocrx_word' id='word_1_381' title='bbox 2053 4389 2381 4471; x_wconf 87' lang='lat' dir='ltr'>iuvenem,</span> <span class='ocrx_word' id='word_1_382' title='bbox 2427 4390 2724 4472; x_wconf 83' lang='lat' dir='ltr'>quamvis</span> <span class='ocrx_word' id='word_1_383' title='bbox 2773 4390 2904 4472; x_wconf 88' lang='lat' dir='ltr'>ipse</span> <span class='ocrx_word' id='word_1_384' title='bbox 2949 4407 3173 4469; x_wconf 84' lang='lat' dir='ltr'>senex,</span> <span class='ocrx_word' id='word_1_385' title='bbox 3223 4391 3377 4452; x_wconf 88' lang='lat' dir='ltr'>mori</span> <span class='ocrx_word' id='word_1_386' title='bbox 3429 4407 3660 4472; x_wconf 87' lang='lat' dir='ltr'>passus</span> <span class='ocrx_word' id='word_1_387' title='bbox 3705 4406 3807 4466; x_wconf 89' lang='lat' dir='ltr'>cs;</span> <span class='ocrx_word' id='word_1_388' title='bbox 3882 4407 4055 4452; x_wconf 89' lang='lat' dir='ltr'>nunc</span> 
     </span>
     <span class='ocr_line' id='line_1_35' title="bbox 695 4503 2512 4591; baseline 0.003 -25"><span class='ocrx_word' id='word_1_389' title='bbox 695 4503 859 4568; x_wconf 86' lang='lat' dir='ltr'>hanc</span> <span class='ocrx_word' id='word_1_390' title='bbox 901 4512 1212 4572; x_wconf 88' lang='lat' dir='ltr'>mortuam</span> <span class='ocrx_word' id='word_1_391' title='bbox 1255 4508 1475 4590; x_wconf 83' lang='lat' dir='ltr'>lugere</span> <span class='ocrx_word' id='word_1_392' title='bbox 1519 4509 1660 4571; x_wconf 72' lang='lat' dir='ltr'>vis?</span> <span class='ocrx_word' id='word_1_393' title='bbox 1706 4505 1921 4591; x_wconf 89' lang='lat' dir='ltr'>Pergit</span> <span class='ocrx_word' id='word_1_394' title='bbox 1964 4511 2101 4571; x_wconf 85' lang='lat' dir='ltr'>tum</span> <span class='ocrx_word' id='word_1_395' title='bbox 2146 4508 2335 4570; x_wconf 85' lang='lat'><strong>636-</strong></span> <span class='ocrx_word' id='word_1_396' title='bbox 2360 4509 2512 4571; x_wconf 84' lang='lat'>642:</span> 
     </span>
    </p>

    <p class='ocr_par' dir='ltr' id='par_1_10' title="bbox 1530 4617 3018 5071">
     <span class='ocr_line' id='line_1_36' title="bbox 1533 4617 3018 4713; baseline 0.003 -27"><span class='ocrx_word' id='word_1_397' title='bbox 1533 4622 1644 4686; x_wconf 78' lang='grc' dir='ltr'>οὐκ</span> <span class='ocrx_word' id='word_1_398' title='bbox 1685 4617 1831 4695; x_wconf 79' lang='grc' dir='ltr'>ἦσθ’</span> <span class='ocrx_word' id='word_1_399' title='bbox 1885 4623 1967 4712; x_wconf 82' lang='grc' dir='ltr'>ἀρ’</span> <span class='ocrx_word' id='word_1_400' title='bbox 2022 4623 2224 4711; x_wconf 73' lang='grc' dir='ltr'>ὀρθῶς</span> <span class='ocrx_word' id='word_1_401' title='bbox 2265 4618 2449 4688; x_wconf 78' lang='grc' dir='ltr'><strong>τοῦδε</strong></span> <span class='ocrx_word' id='word_1_402' title='bbox 2495 4618 2780 4712; x_wconf 77' lang='grc' dir='ltr'><strong>σώματος</strong></span> <span class='ocrx_word' id='word_1_403' title='bbox 2820 4619 3018 4713; x_wconf 67' lang='grc' dir='ltr'><strong>πατήρ</strong></span> 
     </span>
     <span class='ocr_line' id='line_1_37' title="bbox 1533 4735 2870 4830; baseline 0.002 -26"><span class='ocrx_word' id='word_1_404' title='bbox 1533 4736 1661 4806; x_wconf 78' lang='grc' dir='ltr'>οὐδ’</span> <span class='ocrx_word' id='word_1_405' title='bbox 1713 4738 1752 4814; x_wconf 82' lang='grc' dir='ltr'>ἡ</span> <span class='ocrx_word' id='word_1_406' title='bbox 1797 4754 1991 4808; x_wconf 78' lang='grc' dir='ltr'><strong>τεκεῖν</strong></span> <span class='ocrx_word' id='word_1_407' title='bbox 2034 4735 2352 4830; x_wconf 75' lang='grc' dir='ltr'>φάσκουσα</span> <span class='ocrx_word' id='word_1_408' title='bbox 2394 4746 2495 4808; x_wconf 79' lang='grc' dir='ltr'>καὶ</span> <span class='ocrx_word' id='word_1_409' title='bbox 2536 4744 2870 4830; x_wconf 78' lang='grc' dir='ltr'><strong>κεκλημένη</strong></span> 
     </span>
     <span class='ocr_line' id='line_1_38' title="bbox 1531 4854 2949 4951; baseline 0.002 -27"><span class='ocrx_word' id='word_1_410' title='bbox 1531 4854 1727 4949; x_wconf 75' lang='grc' dir='ltr'><strong>μήτηρ</strong></span> <span class='ocrx_word' id='word_1_411' title='bbox 1774 4860 1834 4949; x_wconf 79' lang='grc' dir='ltr'>μ’</span> <span class='ocrx_word' id='word_1_412' title='bbox 1880 4867 2115 4927; x_wconf 80' lang='grc' dir='ltr'><strong>ἔτικτε·</strong></span> <span class='ocrx_word' id='word_1_413' title='bbox 2149 4856 2389 4928; x_wconf 60' lang='lat' dir='ltr'>Souna,</span> <span class='ocrx_word' id='word_1_414' title='bbox 2431 4856 2488 4926; x_wconf 80' lang='grc' dir='ltr'>δ’</span> <span class='ocrx_word' id='word_1_415' title='bbox 2542 4862 2638 4951; x_wconf 82' lang='grc' dir='ltr'>ἀφ’</span> <span class='ocrx_word' id='word_1_416' title='bbox 2695 4865 2949 4949; x_wconf 74' lang='grc' dir='ltr'><strong>αἵματος</strong></span> 
     </span>
     <span class='ocr_line' id='line_1_39' title="bbox 1530 4975 2868 5071; baseline 0.002 -27"><span class='ocrx_word' id='word_1_417' title='bbox 1530 4987 1747 5070; x_wconf 80' lang='grc' dir='ltr'><strong>μαστῷ</strong></span> <span class='ocrx_word' id='word_1_418' title='bbox 1790 4979 2066 5069; x_wconf 80' lang='grc' dir='ltr'>γυναικὸς</span> <span class='ocrx_word' id='word_1_419' title='bbox 2109 4987 2213 5057; x_wconf 73' lang='grc' dir='ltr'>σῆς</span> <span class='ocrx_word' id='word_1_420' title='bbox 2254 4975 2606 5067; x_wconf 71' lang='grc' dir='ltr'>ὑπεβλήθην</span> <span class='ocrx_word' id='word_1_421' title='bbox 2646 4975 2868 5071; x_wconf 64' lang='grc' dir='ltr'>λάθρᾳ.</span> 
     </span>
    </p>
   </div>
  </div>
 </body>
</html>
