4609 5692
1996 472 2444 542 -5...

549 675 601 744 δ’
642 683 736 745 επὶ
774 673 907 763 τῇδ’
960 674 1035 743 αὖ
1075 699 1334 766 prorsus
1361 681 1627 747 eandem
1675 685 2051 747 sententiam
2096 685 2311 747 inesse
2357 688 2659 749 autumat.
2736 681 2818 745 At
2859 682 3038 763 falso,
3067 702 3213 745 nam
3263 702 3321 750 v,
3369 684 3449 748 30
3512 685 3589 747 31
3637 686 3705 748 in
3749 685 3893 748 uni-

551 819 806 864 versum
851 802 1096 864 tantum
1142 799 1426 863 indicant
1480 801 1633 885 quid
1688 801 2045 885 Apollinem
2101 802 2304 866 facere
2363 803 2525 867 velle
2580 802 2782 868 Orcus
2848 806 3055 886 putet,
3116 806 3334 868 contra
3371 823 3433 865 v.
3479 805 3561 867 34
3601 807 3666 868 et
3706 823 3886 888 seqq.

552 939 759 985 sermo
803 924 901 983 ost
962 920 1087 983 iam
1136 920 1216 984 de
1259 924 1428 985 certa
1471 939 1761 1003 persona.
1869 921 2093 1005 Neque
2141 941 2406 988 necesse
2450 927 2575 1007 est,
2641 929 2984 1008 utrumque
3029 925 3459 1008 enuntiatum,
3522 924 3600 988 ad
3647 924 3889 988 medios

546 1060 773 1105 versus
839 1037 949 1102 οὐκ
989 1033 1202 1127 ἤρκεσέ
1230 1062 1322 1103 σοι
1383 1044 1515 1103 κτλ.
1548 1041 1871 1123 referatur,
1916 1047 1987 1105 ut
2030 1042 2166 1106 vult
2210 1043 2454 1110 Wbeel.
2492 1047 2686 1109 immo
2731 1062 2880 1108 vero
2925 1045 3200 1127 primum
3247 1044 3650 1107 enuntiatum
3692 1043 3773 1107 ad
3818 1062 3893 1108 ea

552 1161 798 1242 omnia‘,
864 1179 1028 1244 quae
1072 1162 1136 1224 in
1187 1160 1446 1246 prologo
1492 1164 1738 1227 narrata
1803 1166 1993 1246 sunt,
2056 1181 2346 1247 quaeque
2392 1163 2552 1228 Orco
2605 1167 2753 1228 nota
2815 1162 3016 1226 fuisse
3060 1181 3174 1245 per
3218 1181 3287 1226 se
3355 1165 3554 1247 patet,
3618 1163 3895 1229 referen-

553 1280 705 1344 dum
751 1284 862 1345 est.
1262 1248 1267 1265 Ι

879 1402 1057 1466 Idem
1101 1402 1479 1467 Wheelerus
1506 1422 1585 1486 ‚p.
1639 1404 1735 1467 14.
1800 1404 2042 1487 primus
2107 1421 2333 1468 versus
2402 1406 2482 1468 58
2553 1408 2614 1468 et
2658 1406 2737 1468 59
2782 1405 2849 1468 in
2909 1404 3341 1488 suspicionem
3384 1405 3664 1486 vocavit,
3730 1406 3882 1490 quia

554 1529 707 1594 nihil
754 1527 1072 1613 proferant
1113 1526 1240 1589 nisi
1283 1524 1770 1608 explicationem
1807 1544 1870 1586 v.
1912 1524 2008 1587 57.
2078 1528 2264 1609 atque
2328 1528 2395 1589 in
2464 1525 2561 1589 his
2628 1523 2879 1589 duobus
2945 1522 3241 1588 versibus
3303 1524 3518 1587 omnia
3582 1523 3885 1608 languere

552 1647 982 1713 confitendum
1050 1646 1149 1710 sit.
1256 1643 1482 1728 Neque
1525 1663 1785 1727 prorsus
1831 1648 2066 1711 iniuria
2109 1665 2255 1711 eum
2293 1665 2520 1711 versus
2565 1645 2995 1726 offenderunt3
3064 1665 3210 1709 nam
3274 1646 3341 1709 in
3409 1660 3604 1709 versu
3676 1646 3755 1708 59
3800 1645 3894 1708 sic

550 1771 777 1836 tradito

1554 1881 1757 1950 ὅνοιντ’
1812 1881 1884 1949 ἂν
1929 1882 2012 1961 οἷς
2048 1877 2295 1973 πάρεστι
2335 1881 2613 1973 γηραιοὺς
2654 1892 2873 1949 θανεῖν.

558 2063 769 2129 neque
838 2036 1068 2121 ὅνοιντ’,
1136 2061 1347 2127 nequo
1396 2040 1642 2120 oivotvr’,
1709 2020 1918 2125 neque
1958 2034 2165 2102 ὅναιντ’
2234 2037 2305 2103 ἂν
2335 2091 2351 2124 ,
2396 2041 2562 2125 quod
2606 2040 3033 2105 Kirchboffius
3079 2043 3349 2106 coniecit
3392 2045 3456 2105 et
3499 2059 3720 2105 omnes
3766 2040 3893 2105 fere

554 2168 960 2252 receperunt,
1033 2183 1297 2227 sensum
1340 2162 1627 2247 praebet,
1685 2180 1875 2245 quem
1919 2159 2182 2244 probare
2229 2164 2569 2244 possimus.
2674 2159 2856 2237 Quod
2901 2165 2972 2224 ut
3006 2162 3293 2245 eluceat,
3357 2160 3894 2224 considerandum

554 2290 650 2351 est
692 2306 817 2370 quo
863 2284 1050 2348 modo
1093 2285 1160 2348 in
1206 2282 1603 2347 altercatione
1650 2282 1911 2346 deorum
1959 2284 2309 2346 sententiae
2355 2281 2711 2364 procedant.
2798 2276 3031 2363 Apollo
3076 2300 3135 2341 v.
3169 2282 3266 2343 52.
3315 2280 3657 2364 quaesivit:
3727 2278 3932 2345 Fieri'

557 2427 686 2470 non
730 2407 934 2489 potest
980 2407 1048 2467 ut
1094 2402 1228 2465 Alc.
1273 2402 1352 2465 ad
1395 2405 1780 2466 senectutem
1828 2401 2200 2484 perveniat?
2262 2399 2333 2463 Id
2381 2399 2581 2463 Orcus
2627 2419 2685 2466 v,
2735 2399 2814 2462 53
2861 2403 3068 2483 negat,
3136 2418 3281 2462 cum
3327 2398 3478 2462 dicit
3522 2417 3592 2463 se
3638 2419 3893 2484 qnoque

555 2523 900 2589 honoribus
945 2523 1162 2587 laetari
1204 2522 1383 2586 velle.
1468 2522 1566 2586 Ad
1607 2523 1759 2587 haec
1800 2522 2028 2605 Apollo
2074 2541 2133 2583 v.
2169 2524 2281 2585 54:
2326 2514 2434 2584 Nil
2477 2520 2662 2584 refert
2703 2526 2917 2584 utrum
2960 2520 3079 2583 hoc
3121 2538 3200 2583 an
3225 2520 3579 2605 posteriore
3608 2524 3892 2603 tempore

552 2644 667 2710 tibi
712 2645 984 2708 honores
1029 2644 1415 2723 tribuantur3
1460 2663 1609 2707 nam
1656 2643 1801 2726 plus
1848 2662 1978 2705 una
2019 2642 2233 2706 anima
2268 2640 2381 2704 tibi
2429 2661 2557 2704 non
2601 2643 2942 2726 continget.
3021 2639 3094 2704 Id
3159 2658 3383 2703 rursus
3429 2638 3631 2703 Orcus
3676 2659 3750 2704 eo
3794 2659 3891 2704 re-

554 2764 714 2826 futat
754 2783 816 2824 v.
864 2765 964 2844 55,
1003 2762 1170 2848 qnod
1219 2764 1487 2827 maiores
1529 2763 1800 2826 honores
1849 2761 1970 2825 sibi
2015 2760 2208 2825 tribui
2245 2756 2548 2843 autumat,
2593 2762 2645 2825 si
2691 2763 2961 2825 iuvenes
3008 2762 3371 2824 moriantur.
3461 2758 3624 2824 Tum
3663 2760 3892 2844 Apollo

552 2903 609 2945 v,
662 2883 776 2945 56:
847 2885 1096 2947 etiamsi
1140 2883 1411 2946 Alcestis
1479 2884 1544 2945 in
1593 2886 1917 2946 senectute
1962 2883 2296 2964 morietur,
2365 2884 2575 2945 tamen
2640 2880 2980 2968 magnifico
3045 2901 3192 2945 cum
3259 2881 3524 2945 funestri
3593 2882 3894 2964 apparatu

556 3002 914 3086 sepelietur.
1003 3001 1197 3067 Hunc
1241 3022 1497 3067 versum
1543 3002 1639 3065 56.

1509 3156 1622 3222 κᾶν
1665 3164 1843 3246 γραῦς
1885 3151 2119 3239 ὄληται,
2157 3158 2454 3233 πλουσίως
2495 3150 2852 3244 ταφήσεται.

551 3280 630 3343 de
675 3280 993 3343 Alcestide
1027 3280 1529 3364 intellegendum
1596 3300 1770 3362 esse,
1828 3282 2007 3345 docet
2051 3281 2333 3344 futurum
2379 3284 2631 3362 tempus
2675 3268 3051 3363 ταφήσεται,
3119 3276 3183 3340 id
3229 3277 3394 3361 quod
3465 3279 3587 3343 iam
3655 3278 3893 3343 scholia

548 3397 1022 3462 intellexerunt.
1108 3398 1250 3463 Hoc
1296 3397 1460 3463 bone
1505 3397 1705 3462 Orcus
1752 3399 2095 3476 intellexit3
2157 3399 2291 3477 sed,
2354 3418 2501 3462 cum
2548 3397 2704 3462 nihil
2752 3395 3015 3479 habeat,
3072 3396 3242 3481 quod
3287 3396 3432 3460 huic
3477 3396 3555 3461 ab
3600 3398 3895 3482 Apolline

550 3517 829 3599 prolatae
876 3538 1107 3582 causae
1150 3538 1301 3583 vere
1347 3522 1651 3603 opponat,
1718 3536 1846 3581 non
1890 3517 2029 3581 vult
2089 3517 2457 3602 intellegere
2516 3521 2578 3581 et
2617 3517 3043 3602 sophistarum
3087 3516 3271 3580 modo
3316 3515 3639 3600 Apollinis
3682 3516 3896 3582 verbis
3989 3553 4002 3568 ·

550 3635 783 3718 alium,
852 3657 1044 3720 quam
1089 3637 1195 3702 ille
1238 3637 1524 3700 voluerat
1569 3655 1832 3701 sonsum
1877 3656 2245 3721 supponens
2290 3637 2662 3722 respondet,
2711 3638 2895 3721 quasi
2937 3637 3045 3700 ille
3090 3655 3221 3701 non
3264 3636 3343 3701 de
3388 3636 3706 3702 Alcestide
3742 3637 3897 3719 sola,

553 3756 665 3820 sed
710 3757 789 3821 de
828 3756 1109 3840 qualibet
1149 3777 1279 3822 anu
1321 3758 1570 3822 locutus
1615 3761 1800 3822 esset.
1889 3755 2059 3821 Dicit
2100 3761 2272 3822 enim
2318 3780 2376 3821 v.
2425 3760 2500 3821 57

1472 3906 1613 3997 πρὸς
1651 3915 1776 3974 τῶν
1820 3903 2101 3998 ἐχόντων,
2146 3914 2348 3995 Φοῖβε,
2393 3910 2501 3976 τὸν
2540 3906 2719 3998 νόμον
2761 3914 2937 3987 τίθης

552 4038 593 4100 i.
633 4054 687 4098 e.
720 4035 926 4118 legem
959 4033 1094 4116 das,
1139 4052 1303 4117 quae
1348 4032 1652 4096 divitibus
1695 4037 1942 4097 tantum
1988 4035 2236 4098 utilitati
2283 4039 2396 4098 est.
2485 4034 2714 4119 Apollo
2758 4039 2968 4099 autem
3010 4035 3107 4098 his
3153 4032 3525 4118 ambagibus
3555 4034 3897 4117 perspectis

557 4155 803 4238 quaerit
845 4173 932 4217 ex
975 4173 1051 4218 eo
1094 4174 1154 4216 v.
1208 4155 1309 4235 58,
1354 4172 1508 4216 num
1576 4151 1784 4217 subito
1840 4154 2119 4237 sophista
2180 4154 2381 4217 factus
2427 4156 2523 4217 sit.
2641 4154 2808 4219 Fieri
2872 4174 2998 4218 non
3046 4158 3280 4237 potest,
3345 4157 3415 4217 ut
3459 4152 3660 4218 Orcus
3705 4153 3898 4236 idem,

567 4273 734 4355 quod
767 4275 892 4338 iam
924 4293 983 4336 v.
1012 4272 1111 4341 57.
1154 4275 1475 4356 exposuit,
1500 4274 1643 4337 aliis
1688 4273 1901 4337 verbis
1945 4276 2170 4337 iterum
2222 4278 2476 4357 repetat,
2525 4274 2694 4358 quod
2738 4275 2827 4357 fit,
2871 4276 2926 4338 si
2969 4295 3082 4358 pro
3125 4268 3325 4337 ὄνοιντ’
3377 4270 3447 4335 ἂν
3489 4293 3634 4338 cum
3677 4273 3890 4337 Kirch·

560 4391 745 4457 hoffio
792 4388 998 4457 ὅναιντ’
1074 4387 1147 4453 οἷν
1211 4393 1566 4457 scribimus.
1687 4391 1852 4469 Quid
1919 4394 2036 4459 hoc
2097 4395 2233 4459 loco
2279 4397 2612 4477 exstiterit,
2660 4414 2804 4460 mea
2850 4396 3109 4479 quidem
3156 4397 3469 4460 sententia
3513 4395 3768 4459 demum
3814 4413 3899 4459 ex

560 4533 619 4575 v.
667 4513 749 4577 60
794 4515 1187 4598 perspicitur,
1237 4516 1349 4597 qui
1394 4516 1486 4579 sio
1530 4515 1786 4599 legitur:

1478 4643 1688 4713 οὔκουν
1732 4642 1902 4713 δοκεῖ
1941 4674 2050 4729 σοι,
2094 4643 2275 4713 τ’)νδέ
2320 4675 2422 4738 μοι
2465 4645 2670 4716 δοῦναι
2712 4645 2898 4741 χάριν.
2999 4644 3006 4651 ’

559 4763 700 4828 Hoc
743 4766 809 4828 in
855 4781 1048 4829 versu
1092 4768 1246 4832 mihi
1295 4788 1543 4835 summa
1584 4773 1687 4836 vis
1729 4773 2023 4857 ponenda
2067 4774 2318 4837 videtur
2362 4776 2428 4837 in
2479 4774 2692 4838 verbis
2737 4767 2948 4836 οὔκουν
2990 4763 3158 4835 δοκεῖ
3176 4793 3269 4834 σοι
3313 4775 3381 4834 ut
3424 4772 3579 4834 sint:
3627 4791 3754 4836 non
3801 4774 3899 4837 vis

559 4886 752 4968 igitur
794 4883 957 4948 hanc
997 4889 1262 4970 gratiam
1309 4891 1465 4955 mihi
1508 4891 1787 4956 referre?
1852 4891 2133 4957 Necesse
2178 4895 2372 4977 igitur
2413 4897 2543 4974 est,
2586 4895 2737 4958 talia
2780 4894 3187 4975 antecedant,
3227 4912 3312 4957 ex
3357 4890 3591 4976 quibus
3636 4892 3901 4975 eluceat,

563 5002 794 5069 Orcum
838 5008 1142 5071 acerrime
1188 5029 1421 5095 negare
1467 5031 1537 5076 se
1580 5013 1862 5096 Apollini
1910 5019 2158 5099 gratum
2204 5033 2335 5077 non
2377 5014 2583 5079 facero
2629 5015 2816 5080 vello.
2929 5014 3148 5098 Itaque
3215 5012 3367 5078 mihi
3413 5013 3689 5097 suspicio
3735 5016 3900 5094 nata,

570 5120 941 5210 Euripidem
988 5130 1322 5215 scripsisse
1365 5126 1668 5196 ὄλοιντο
1723 5129 1790 5219 γ’
1847 5128 1929 5208 οἷς
1971 5124 2218 5222 πάρεστι
2259 5129 2535 5223 γηραιοὺς
2577 5141 2796 5198 θανεῖν.
2882 5134 3082 5202 Orcus
3129 5135 3356 5219 igitur,
3401 5132 3510 5197 ubi
3553 5132 3712 5196 vidit
3755 5151 3903 5196 cau-
