4609 5692
2147 446 2640 524 ÷20-

710 666 898 727 antea
955 666 1280 747 corruptos
1334 682 1482 727 esse
1536 662 1853 743 diximtls,
1922 663 2039 728 hoc
2080 664 2490 749 opprobrium
2558 665 2769 728 latore.
2862 662 3085 745 Itaque
3131 680 3388 724 versum
3437 663 3559 725 639
3606 665 3668 723 ot
3712 660 3788 723 41
3839 661 4073 723 eicion·
4115 666 4118 671 ’

711 784 895 865 dum,
935 784 1004 846 in
1045 801 1240 847 versu
1285 783 1409 846 638
1452 779 1506 867 μ’
1573 785 1773 844 ἔτικτε
1817 784 1886 845 in
1945 782 1988 847 es’
2046 787 2248 848 ἔτικτε
2294 788 2359 848 et
2401 786 2468 847 in
2515 803 2709 849 versu
2754 784 2877 847 640
2923 778 2989 854 ὅς
3031 782 3097 843 in
3145 776 3230 840 ὅτ’
3287 780 3668 844 mutandum
3711 800 3856 845 osso
3899 784 4070 865 puto.

711 903 1048 988 Euripides
1090 904 1287 989 igitur
1331 903 1619 986 scripsit:

1554 1053 1664 1119 οὐκ
1684 1048 1845 1126 ’ἦσθ’
1896 1053 1979 1142 ἀρ’
2034 1053 2236 1142 ὀρθῶς
2276 1048 2462 1119 τοῦδε
2507 1048 2791 1142 σώματος
2836 1046 3033 1141 πατήρ
3402 1053 3525 1115 636

1554 1166 1684 1238 οὐδ’
1736 1168 1776 1244 ἡ
1820 1185 2015 1238 τεκεῖν
2055 1166 2371 1261 φάσκουσα
2413 1178 2514 1240 καὶ
2548 1175 2884 1261 κεκλημένη
2957 1176 2963 1181 ’

1556 1284 1753 1380 μήτηρ
1800 1291 1845 1356 σ’
1901 1297 2131 1357 ἔτικτε·
2174 1285 2415 1357 δουλίου
2459 1288 2517 1357 δ’
2573 1292 2670 1381 ἀφ’
2725 1295 2980 1381 αἵματος
3406 1292 3530 1356 638

1554 1406 1784 1489 ἔδειξας
1807 1384 1907 1488 *εἰς
1948 1418 2203 1500 ἔλεγχον
2244 1404 2517 1487 ἐξελθὼν
2560 1411 2646 1477 ὅτ’
2701 1410 2766 1476 εἶ.
3409 1413 3533 1476 640

1552 1525 1592 1602 ἦ
1635 1526 1791 1621 τᾶρα
1833 1525 2078 1596 πάντων
2120 1525 2458 1620 διαπρέπεις
2500 1531 2727 1618 ἀψυχίᾳ
2769 1537 2906 1596 κτλ.

715 1684 962 1750 Sensus
1004 1688 1139 1749 tum
1186 1687 1280 1749 sic
1322 1687 1637 1770 procedit:
1707 1684 1803 1751 Tu
1860 1690 2052 1773 igitur
2103 1692 2165 1752 te
2221 1709 2352 1753 non
2396 1692 2637 1773 patrem
2678 1691 2749 1752 iu
2796 1709 2900 1752 mo
2945 1688 3329 1771 praebebaS‚
3395 1709 3604 1772 noque
3646 1687 3916 1751 liborum
3963 1687 4077 1750 sed

717 1824 975 1869 servum
1022 1808 1084 1869 te
1122 1807 1521 1888 praestitisti3
1568 1827 1716 1871 nam
1761 1809 1923 1871 mori
1968 1809 2250 1873 noluisti.
2340 1808 2722 1872 Mutationcs
2767 1808 3105 1872 facillimae
3140 1812 3319 1888 sunt3
3364 1810 3420 1870 is
3465 1810 3658 1889 onim,
3706 1810 3816 1893 qui
3860 1829 3921 1870 v.
3955 1809 4077 1871 639

715 1926 1006 2008 inseruit,
1050 1927 1412 1989 necessario
1458 1925 1618 1990 illud
1686 1924 1731 1988 σ’
1788 1931 1851 1991 et
1892 1923 1969 1990 ὅτ
2010 1930 2254 1991 mutare
2299 1926 2586 1991 debebat.
2697 1926 2926 2011 Neque
2970 1929 3067 2009 is,
3135 1930 3247 2010 qui
3290 1929 3357 1991 in
3402 1930 3777 1991 universum
3824 1931 4079 1990 senten-

716 2046 945 2109 tiarum
984 2042 1305 2108 conexum
1347 2049 1518 2110 recte
1560 2048 1920 2111 restitutum
1968 2065 2110 2110 esse
2157 2050 2407 2129 statuet,
2454 2048 2552 2110 his
2598 2047 3058 2111 mutationibus
3091 2046 3457 2110 offendetur.
3547 2048 3641 2109 Ac
3673 2045 3838 2127 vido,
3887 2065 4078 2129 quam

715 2164 1053 2247 perspicua
1097 2164 1182 2228 sit
1224 2182 1419 2228 causa
1461 2166 1776 2246 mutandi3
1837 2186 1986 2232 nam
2040 2167 2453 2250 interpolator
2509 2186 2765 2231 vorsum
2813 2166 2934 2229 636
2984 2165 3371 2230 verbotenus
3423 2166 3741 2228 intellexit
3785 2164 4077 2248 hancque

719 2284 1103 2348 sententiam
1168 2282 1513 2367 explanare
1581 2284 1841 2349 studuit.
1933 2284 2177 2349 Versus
2242 2290 2459 2349 autem
2523 2286 2642 2348 641
2717 2286 2906 2369 plano
2968 2285 3362 2369 superfluuS,
3426 2288 3664 2368 quippe
3711 2286 3821 2370 qui
3867 2283 4079 2348 inutili

716 2402 905 2468 modo
949 2403 1118 2506 idem
1153 2421 1377 2466 rursus
1422 2402 1615 2486 dicat,
1661 2401 1831 2487 quod
1874 2404 1998 2467 iam
2042 2424 2100 2467 v.
2149 2404 2273 2466 636
2318 2405 2558 2468 dictum
2604 2408 2730 2486 est,
2776 2406 3074 2497 suohloco
3119 2404 3256 2468 non'
3283 2408 3423 2486 stat,
3479 2406 3631 2489 quia
3678 2426 3735 2466 v.
3764 2403 3887 2467 642
3932 2424 4080 2468 cau·

718 2544 855 2589 sam
903 2523 1099 2606 affert,
1142 2542 1256 2587 cur
1295 2522 1469 2589 filius
1511 2525 1752 2606 patrem
1790 2542 2050 2587 servum
2095 2524 2596 2587 existimandum
2640 2543 2785 2587 osse
2816 2525 3045 2587 credat·
3132 2523 3355 2608 Itaque
3399 2524 3712 2588 delendus
3743 2529 3841 2588 est
3884 2525 4078 2608 idque

717 2647 887 2708 recte
929 2642 1068 2707 fieri
1115 2662 1190 2707 eo
1235 2642 1469 2706 clarius
1514 2640 1810 2724 elucebit,
1854 2643 1907 2705 si
1952 2644 2355 2726 perspexeris
2399 2645 2587 2706 otiam
2629 2664 2684 2705 v.
2736 2644 3067 2706 645—647

1557 2765 1669 2824 τοῦ
1714 2764 1820 2824 σοῦ
1861 2756 1972 2849 πρὸ
2015 2753 2247 2840 παιδὸς,
2273 2742 2455 2823 ’ἀλλὰ
2496 2752 2667 2831 τήνδ’
2722 2752 2965 2825 εἰάσατε

1558 2878 1779 2966 γυναῒιί
1833 2878 2089 2960 ὄθνείαν,
2127 2877 2198 2951 ἣν
2240 2875 2365 2967 ἐγὼ
2410 2882 2510 2944 καὶ
2553 2880 2783 2968 μητέρα

1558 2999 1790 3087 πατέρα
1831 2997 1881 3062 τ’
1936 2997 2009 3062 ἂν
2052 2993 2294 3074 ἐνδίκως
2336 2996 2409 3062 ἂν
2446 2995 2699 3087 ἡγοίμην
2741 2993 2939 3086 μόνην.

721 3123 890 3185 recte
934 3142 974 3185 a
1015 3120 1367 3185 Badhamio
1412 3119 1654 3185 deletos
1706 3138 1868 3183 esse.
1980 3117 2148 3183 Nam
2209 3119 2403 3184 verba
2467 3125 2579 3181 τοῦ
2645 3124 2751 3183 σοῦ
2816 3114 2925 3206 πρὸ
2993 3110 3206 3193 παιδός
3270 3120 3429 3184 falso
3495 3123 3757 3201 repetita
3803 3125 3954 3185 sunt
3997 3141 4082 3185 ex

722 3262 784 3304 v.
833 3241 957 3305 649
1001 3238 1111 3305 ubi
1155 3241 1323 3305 recte
1367 3243 1553 3305 stant.
1661 3237 1828 3303 Nam
1895 3240 2202 3327 ignavum
2256 3239 2582 3304 hominem
2636 3238 2876 3303 Pheres
2924 3259 2995 3304 se
3061 3239 3350 3323 praebuit
3394 3259 3501 3322 00,
3569 3241 3737 3324 quod
3788 3244 4082 3324 quamvis

725 3379 928 3424 senex
958 3360 1281 3425 recusavit
1318 3359 1667 3443 quominus
1698 3360 2063 3421 moreretur.
2155 3356 2364 3425 Verba
2404 3362 2515 3421 τοῦ
2559 3362 2666 3421 σοῦ
2708 3353 2818 3444 πρὸ
2855 3350 3072 3432 παιδός
3103 3379 3362 3423 causam
3394 3360 3683 3441 afferunt,
3727 3380 3842 3423 cur
3881 3363 4087 3435 καλῶς

725 3482 992 3544 mortem
1035 3477 1292 3560 obierit,
1350 3479 1390 3540 i.
1438 3496 1494 3542 e.
1538 3496 1687 3540 cum
1731 3475 1933 3561 gloria
1977 3480 2039 3540 et
2095 3477 2349 3541 honore.
2441 3476 2648 3553 Quam
2693 3477 2772 3542 ob
2819 3498 2953 3543 rem
3001 3479 3176 3543 nullo
3222 3478 3345 3543 alio
3391 3480 3529 3543 loco
3561 3483 3727 3543 recte
3759 3483 3927 3544 stant
3958 3478 4084 3543 hisi

723 3602 871 3683 post
905 3618 966 3667 v,
1012 3599 1156 3662 648.

1564 3713 1764 3775 καίτοι
1805 3705 2034 3776 καλόν
2075 3710 2127 3797 γ’
2177 3708 2249 3775 σῖν
2289 3704 2455 3776 τόνδ’
2513 3712 2690 3800 ἀγῶν’
2743 3710 3020 3800 ἠγωνίσω

1564 3835 1677 3893 τοῦ
1721 3836 1827 3895 σοῦ
1869 3826 1979 3918 πρὸ
2021 3824 2235 3907 παιδὸς
2276 3826 2620 3914 κατθανών,
2666 3838 2801 3897 κτλ.

726 4003 798 4068 Id
844 4004 1000 4067 mihi
1046 4005 1502 4087 gravissimum
1548 4003 1817 4067 videtur.
1903 4002 2084 4080 Quae
2145 4008 2476 4088 praeterea
2540 4010 2757 4070 contra
2824 4006 2939 4069 hos
3006 4024 3235 4070 versus
3301 4007 3732 4090 proferuntur,
3798 4024 4081 4089 promere

727 4125 909 4205 nolo,
975 4124 1215 4207 quippe
1258 4140 1422 4205 quae
1476 4121 1800 4186 emendari
1857 4142 2044 4207 posse
2102 4124 2256 4186 mihi
2315 4124 2662 4187 verisimile
2702 4123 3011 4187 videatur.
3103 4126 3190 4186 At
3234 4127 3492 4207 apparot
3536 4142 3740 4205 nunc,
3806 4124 4085 4187 eundem

727 4264 893 4326 esse,
935 4245 1047 4329 qui
1091 4244 1211 4307 hos
1255 4260 1483 4306 versus
1528 4243 1651 4305 645
1696 4246 1760 4306 et
1804 4243 1924 4306 647
1986 4247 2048 4307 ot
2110 4245 2219 4327 qui
2278 4264 2336 4306 v,
2387 4244 2506 4307 641
2576 4244 3008 4327 interpolavit3
3076 4245 3436 4324 exprimere
3483 4242 3710 4307 voluit:
3780 4248 3933 4326 puto
3981 4263 4081 4306 mo

727 4363 933 4428 filium
974 4365 1158 4427 tuum
1203 4380 1335 4426 non
1378 4379 1551 4442 esse3
1617 4381 1765 4426 nam
1810 4366 1936 4426 tam
1983 4364 2257 4446 ignavus
2301 4363 2511 4444 fuisti,
2578 4368 2646 4427 ut
2689 4382 2801 4445 pro
2867 4361 2998 4425 filio
3062 4367 3171 4425 tuo
3239 4363 3398 4425 mori
3469 4362 3769 4425 nolueris.
3860 4362 4083 4446 Itaque

731 4485 1000 4567 primam
1025 4486 1270 4567 partem
1302 4482 1606 4545 orationis
1637 4481 1891 4545 Admeti
1925 4501 1983 4544 v,
2033 4482 2157 4544 644
2201 4482 2499 4545 concludi
2540 4486 2715 4566 pute,
2759 4483 2947 4545 cuius
2992 4482 3454 4545 sententiarum
3485 4500 3808 4545 conexum
3855 4484 3947 4546 sic
3991 4502 4086 4546 re-

727 4605 942 4687 petere
982 4601 1157 4667 licet:
1225 4599 1336 4684 Te,
1394 4604 1597 4686 pater,
1661 4619 1870 4684 neque
1914 4603 2171 4683 vocavi,
2232 4620 2444 4686 nequo
2491 4622 2632 4666 meo
2688 4621 2835 4666 cum
2879 4602 3114 4685 gaudio
3158 4603 3395 4665 venisti
3441 4621 3652 4686 nequo
3696 4608 4089 4685 ornament0‚

730 4721 902 4806 quod
945 4721 1238 4804 attulisti,
1285 4724 1426 4784 utar
1467 4720 1554 4802 (v.
1603 4718 1962 4801 629-631)
2007 4717 2204 4802 Tum,
2259 4741 2406 4785 cum
2452 4721 2813 4805 interibam‚
2858 4722 3060 4786 dolori
3116 4741 3257 4785 meo
3301 4723 3614 4786 interesse
3659 4720 3967 4806 debebas,
4027 4729 4089 4788 at

729 4844 792 4906 te
852 4842 1148 4925 recepisti
1201 4840 1528 4924 aliumque
1572 4840 1734 4903 mori
1777 4839 1985 4902 sivisti
2030 4839 2437 4924 (631—635).
2548 4839 2689 4905 Hac
2733 4846 2945 4905 autem
2989 4861 3059 4905 re
3104 4841 3550 4906 demonstrasti
3595 4846 3657 4906 te
3703 4862 3833 4906 non
3879 4846 4086 4925 patrio

730 4961 801 5023 in
843 4977 947 5023 me
991 4961 1205 5023 animo
1237 4977 1383 5024 esse
1424 4962 1620 5042 teque
1666 4978 1794 5022 non
1838 4957 2113 5022 liberum
2156 4958 2273 5022 sed
2318 4977 2577 5023 servum
2624 4978 2800 5041 esse3
2860 4980 3009 5024 nam
3057 4961 3382 5025 hominem
3429 4979 3680 5025 summa
3723 4963 3980 5043 ignavia
4026 4966 4091 5026 te

733 5081 1104 5163 praestitisti
1146 5097 1246 5162 eo,
1290 5078 1461 5164 quod
1505 5079 1664 5144 mori
1712 5079 1972 5142 noluisti
2020 5078 2165 5161 (636
2192 5079 2424 5160 -644).
