4609 5692
2177 376 2662 446 ..12-

751 588 895 671 plus
938 588 1230 667 laetitiae,
1277 605 1469 669 quam
1515 589 1798 651 tristitiae
1844 588 2078 656 afferre.
2164 589 2392 672 Neque
2435 588 2642 668 videO,
2689 606 2801 649 cur
2845 586 2961 648 hoc
3003 605 3132 648 non
3172 605 3378 648 coram
3431 586 3748 649 Alcestide
3795 587 4080 650 nondum

755 710 1001 770 mortua
1041 707 1249 770 dicere
1293 709 1584 790 potuerit,
1617 728 1759 770 cum
1806 710 2081 772 Alcestis
2122 708 2244 771 sibi
2289 710 2406 770 hoc
2451 707 2552 770 dio
2578 705 2976 770 moriendum
3025 723 3166 767 esse
3213 704 3376 768 haud
3426 708 3758 789 ignoraret.
3842 706 4081 782 Quodsi

754 844 979 889 versus
1023 831 1395 909 anapaestos
1438 830 1768 891 sententiis
1815 833 1876 890 et
1929 830 2213 913 cogitatis
2273 832 2450 912 aptos
2513 845 2655 890 esse
2703 829 2940 934 megat,
3008 824 3279 887 sufficiet
3335 844 3482 888 eum
3553 826 3891 889 admonere
3936 848 4086 891 ana-

753 950 1119 1034 paestorum
1162 947 1228 1009 in
1270 945 1613 1031 Hippolyto
1709 949 2035 1012 175—195
2100 954 2161 1012 et
2232 948 2396 1011 Med.
2449 948 2608 1010 1083
2671 951 2734 1009 et
2777 965 2950 1029 seqq.
3020 948 3406 1008 exstantium
3516 944 3815 1029 Denique
3860 945 4087 1029 quodsi

753 1064 870 1129 hos
919 1083 1141 1129 versus
1186 1084 1269 1129 ex
1319 1067 1440 1130 alia
1484 1067 1694 1131 fabula
1740 1069 1802 1130 in
1854 1072 2136 1133 nostrum
2180 1070 2388 1136 locum
2440 1067 2773 1131 translatos
2819 1085 2960 1128 esse
3006 1065 3355 1147 arbitratur,
3399 1085 3528 1129 non
3575 1071 3670 1128 est
3713 1066 4084 1149 verendum,

757 1204 838 1248 ne
877 1187 1177 1269 cuiquam
1222 1186 1340 1249 hoc
1383 1188 1783 1270 persuadeat,
1832 1208 1979 1251 nam
2025 1187 2215 1252 verba
2258 1186 2422 1261 ὅστις
2487 1184 2724 1272 ἀρίστης
2768 1180 3058 1248 ἀπλακὼν
3101 1176 3330 1270 ἀλόχου
3374 1191 3481 1259 τῆς
3525 1179 3578 1248 δ’
3661 1183 3917 1266 ἀβίωτον
3972 1180 4078 1249 τὸν

757 1307 964 1366 ἔπειτα
1010 1294 1219 1391 χρόνον
1263 1297 1554 1386 βιοτεύοεί
1586 1308 1664 1371 de
1699 1309 1872 1372 nullo
1907 1309 2135 1371 melius
2166 1308 2285 1371 dici
2335 1313 2614 1391 possunt,
2656 1327 2846 1391 quam
2879 1306 2956 1368 de
2981 1305 3252 1369 Admeto
3299 1325 3628 1388 uxoreque
3673 1308 3810 1369 eius
3842 1326 3950 1389 pro
3984 1306 4090 1370 illo

756 1427 1083 1489 moriente.
1174 1423 1392 1510 Itaque
1434 1428 1609 1492 nulla
1657 1434 1753 1491 est
1795 1448 2021 1507 eausa,
2084 1448 2195 1492 cnr
2258 1429 2373 1490 hos
2437 1431 2810 1510 anapaestos
2855 1428 2922 1488 in
2969 1427 3397 1509 suspicionem
3449 1445 3780 1505 vocemus;
3851 1431 3913 1488 at
3958 1445 4088 1488 non

755 1548 1018 1610 reticere
1083 1564 1344 1629 possum
1412 1547 1614 1629 aliud,
1682 1549 1849 1632 quod
1912 1549 2067 1612 mibi
2132 1548 2503 1630 scrupulum
2569 1548 2783 1609 movit.
2893 1544 3166 1609 Alcestis
3231 1548 3401 1608 enim
3473 1551 3534 1607 et
3576 1546 3917 1627 AdmetuS,
3983 1549 4093 1628 qui

757 1686 817 1728 v.
865 1665 989 1728 244
1031 1667 1095 1728 in
1152 1685 1381 1732 scaena
1426 1667 1677 1746 adsunt,
1714 1689 1770 1730 V.
1820 1669 1941 1732 238
1985 1689 2021 1731 a
2075 1668 2263 1731 choro
2311 1667 2683 1747 indicantur,
2727 1671 2798 1729 ut
2840 1665 2976 1728 fieri
3019 1667 3194 1729 solet.
3305 1664 3832 1729 Wilamowitzius
3879 1670 4089 1728 autem

758 1785 947 1849 Anal.
990 1785 1139 1849 Eur.
1182 1806 1238 1869 p.
1290 1787 1412 1849 203
1456 1787 1573 1850 hoc
1619 1793 1855 1850 monet:
1926 1790 2054 1851 Aut
2096 1807 2368 1870 persona
2431 1806 2497 1850 se
2543 1791 2676 1870 ipsa
2721 1789 3005 1849 nominat
3073 1788 3396 1870 plerisque
3461 1788 3737 1869 primum
3799 1786 4093 1849 versibus

760 1910 869 1968 aut
905 1903 982 1968 ab
1027 1906 1168 1968 aliis
1215 1907 1350 1969 sive
1394 1906 1581 1971 choro
1628 1908 1763 1970 sive
1810 1906 2124 1972 actoribus
2171 1911 2510 1990 antequam
2558 1907 2660 1969 vel
2704 1906 2852 1969 dum
2900 1906 3205 1988 procedit,
3276 1910 3675 1984 nominatur;
3723 1906 3950 1970 chorus
3999 1909 4090 1971 uti

760 2007 919 2088 soset
955 2024 1229 2107 iambiS,
1292 2028 1495 2090 rarius
1538 2031 1749 2090 tamen
1795 2030 2150 2111 anapaestis
2197 2047 2526 2109 nunquam
2565 2027 2806 2089 melicis
2863 2026 3154 2091 versibus
3199 2027 3391 2110 (quod
3437 2025 3775 2109 Sophocles
3824 2027 4092 2090 admittit

760 2143 855 2207 El.
905 2145 1094 2223 14293
1164 2142 1322 2208 Phil.
1383 2147 1532 2228 202)
1578 2150 1642 2209 et
1684 2166 1859 2230 seqq.
1952 2145 2178 2210 Contra
2234 2145 2405 2209 hunc
2466 2151 2858 2210 constantem
2925 2165 3115 2209 usum
3174 2150 3462 2230 pugnant
3531 2150 3778 2208 nostrae
3841 2145 4088 2210 fabulae

760 2283 821 2325 v.
864 2263 987 2326 233
1032 2267 1095 2326 et
1137 2262 1245 2325 34:
1331 2254 1457 2326 ἰδού
1518 2256 1664 2329 ἰδού.
1706 2257 1806 2334 ἥδ’
1875 2266 1943 2326 ἐκ
1987 2255 2190 2350 δόμων
2231 2256 2307 2333 δὴ
2352 2267 2450 2327 καὶ
2491 2256 2657 2340 πόσις
2699 2256 3029 2351 πορεύεται.
3116 2265 3276 2329 Sunt
3320 2284 3472 2328 sane
3519 2264 3746 2347 iambi,
3791 2270 3851 2329 at
3894 2265 4087 2328 iambi

761 2384 969 2447 melici
1002 2385 1406 2465 responsioni
1450 2383 1727 2448 obnoxii.
1819 2385 2053 2449 Ceteris
2098 2385 2273 2467 lociS,
2320 2384 2553 2469 quibus
2599 2386 2933 2469 Euripides
2978 2385 3206 2449 iambis
3252 2385 3325 2448 ad
3373 2404 3673 2468 personas
3720 2386 4087 2449 indicandas

762 2505 977 2585 utitur,
1021 2503 1087 2565 hi
1130 2502 1322 2567 iambi
1368 2523 1617 2588 semper
1646 2507 1825 2568 extra
1868 2505 2348 2587 responsionem
2393 2509 2533 2587 post
2577 2505 2752 2569 finita
2794 2507 3074 2569 carmina
3118 2505 3258 2568 addi
3307 2505 3526 2567 solent.
3599 2503 3784 2568 Potes
3827 2506 4090 2569 fortasse

764 2623 963 2686 nostri
1005 2623 1126 2686 loci
1171 2625 1647 2687 excusationem
1704 2623 1852 2687 inde
1901 2628 2213 2706 repetere,
2278 2624 2441 2707 quod
2512 2624 2784 2687 Alcestis
2839 2625 3005 2688 inter
3047 2624 3293 2689 fabulas
3338 2629 3537 2688 aetate
3582 2627 3784 2707 prima
3831 2629 3954 2707 est,
4023 2633 4093 2690 ut

762 2742 1020 2826 Apollof,
1085 2743 1196 2827 qui
1238 2743 1567 2827 prologum
1608 2746 1855 2827 recitat,
1920 2763 1990 2807 se
2037 2764 2161 2808 non
2211 2747 2349 2827 ipso
2413 2746 2722 2826 nominat,
2787 2745 2848 2808 id
2893 2746 3059 2828 qnod
3097 2745 3337 2809 faciunt
3381 2747 3568 2808 ceteri
3616 2746 3718 2808 dei
3763 2747 4090 2829 prologum

761 2864 1117 2927 recitantes.
1202 2861 1417 2928 Potest
1461 2884 1715 2948 quoque
1760 2866 2039 2948 suspicio
2083 2866 2278 2945 nasci,
2343 2863 2534 2927 verba
2598 2864 2706 2927 illa
2773 2885 2899 2928 non
2976 2885 3093 2929 suo
3139 2867 3275 2930 loco
3330 2869 3492 2929 stare
3558 2869 3621 2928 et
3681 2866 3801 2929 huc
3866 2869 4099 2931 inserta

763 3001 906 3047 esse
951 2982 1028 3046 ab
1073 2983 1313 3068 aliquo,
1357 2986 1465 3068 qui
1507 2984 1591 3063 id,
1637 2985 1804 3069 quod
1850 2987 2079 3049 chorus
2122 2986 2187 3047 in
2238 2984 2550 3063 versibus,
2601 2987 2712 3067 qui
2758 2986 3157 3067 antecedunt,
3200 3007 3261 3048 v.
3310 2987 3450 3048 231.
3497 2987 3575 3048 32

1596 3099 1709 3165 τὰν
1748 3101 1860 3191 γὰρ
1898 3102 1966 3167 οὐ
2007 3105 2197 3190 φίλαν,
2244 3099 2407 3166 ἀλλὰ
2450 3095 2747 3190 φιλτάταν

1594 3234 1843 3308 γυναῖκα
1887 3231 2310 3287 κατθανοῦσαν
2355 3231 2435 3287 εἰν
2478 3218 2667 3309 ἄματι
2708 3219 2861 3304 τῷδ’
2918 3215 3139 3308 ἐπόψει.

761 3343 1178 3427 praedixerat,
1222 3344 1411 3406 etiam
1457 3345 1679 3408 eodem
1722 3346 2019 3429 temporis
2065 3349 2382 3410 momento
2429 3348 2687 3410 evenIre
2731 3344 2958 3408 debere
3002 3343 3280 3427 putabat.

1092 3464 1367 3528 Alcestis
1413 3466 1705 3528 maritum
1752 3484 1938 3529 suum
1986 3466 2266 3528 hortatus
2311 3465 2541 3528 liberos
2589 3469 2644 3529 ei
2693 3464 3052 3528 educandos
3084 3469 3145 3526 et
3174 3463 3620 3527 custodiendos
3667 3464 3867 3526 tradit.
3955 3464 4094 3540 Quo

761 3585 919 3649 facto
964 3586 1068 3648 hic
1110 3586 1273 3648 inter
1316 3584 1699 3648 Alcestidem
1747 3587 1809 3648 et
1854 3586 2189 3649 Admetum
2235 3587 2523 3669 dialogus
2570 3587 2819 3648 exsistit
2863 3604 2921 3644 v.
2965 3582 3311 3647 379—382.

1265 3704 1419 3767 Αλκῑ
1511 3695 1560 3763 ὦ
1603 3701 1781 3780 τέκν’,
1826 3701 1931 3766 ὅτε
1975 3695 2080 3778 ζῆν
2119 3709 2264 3790 χρῆν
2311 3702 2364 3790 μ’
2420 3702 2753 3790 ἀπέρχομαι
2798 3694 2986 3764 κάτω.

1262 3816 1431 3909 ABp:
1520 3826 1693 3909 οἴμοι,
1736 3824 1795 3885 τί
1838 3814 2039 3910 δράσω
2084 3815 2243 3905 δῆτα
2289 3829 2394 3885 σοῦ
2437 3819 2822 3910 μονούμενοςς
3311 3824 3430 3887 380

1260 3945 1421 4007 Aia:
1505 3935 1713 4032 χρόνος
1758 3936 2013 4029 μαλάξει
2057 3942 2132 4007 σ’·
2179 3937 2351 4006 οὐδὲν
2396 3942 2518 4007 ἔσθ’
2567 3940 2598 4006 ὁ
2642 3936 2983 4007 κατθανών.

1262 4058 1434 4147 Adia:
1520 4058 1670 4149 ἄγου
1714 4086 1787 4149 με
1834 4059 1935 4126 σὺν
1980 4066 2072 4126 σοὶ
2109 4059 2252 4150 πρὸς
2295 4070 2477 4147 θεῶν,
2517 4060 2664 4149 ἄγου
2709 4055 2898 4131 κάτω.

760 4190 1003 4253 Versus
1046 4189 1169 4252 380
1213 4191 1275 4250 et
1320 4187 1436 4250 381
1486 4185 1861 4249 Wheelerus
1901 4184 2193 4268 expellit3
2243 4185 2416 4248 nulla
2462 4187 2632 4247 enim
2666 4205 2856 4248 causa
2901 4185 3110 4248 addita
3153 4186 3337 4248 iactat
3387 4205 3644 4250 necesse
3678 4207 3819 4249 0330
3869 4205 4092 4248 versus

763 4311 880 4373 381
931 4309 1141 4372 statim
1188 4308 1310 4370 379
1355 4309 1673 4389 sequatur.
1760 4302 2007 4367 Deinde
2052 4307 2427 4367 sententiam
2473 4325 2698 4368 versus
2764 4307 2880 4368 381
2930 4327 3237 4389 personae
3287 4305 3646 4386 Alcestidis,
3711 4325 3873 4387 quae
3920 4325 4093 4370 sum·

761 4432 886 4493 mis
947 4427 1242 4513 precibus
1310 4428 1600 4490 maritum
1668 4425 1967 4503 oraverit,
2035 4427 2102 4486 ut
2169 4426 2534 4488 memoriam
2607 4444 2786 4488 suam
2832 4426 3099 4506 coleret,
3165 4431 3372 4508 aptam
3418 4443 3560 4487 0330
3610 4429 3807 4506 negat.
3899 4428 3984 4489 At
4028 4428 4090 4490 id

756 4551 1001 4634 ipsum,
1069 4548 1237 4632 quod
1281 4548 1359 4611 de
1404 4546 1723 4609 Alcestide
1767 4545 1951 4624 dicit,
1994 4544 2399 4606 Wheelerum
2448 4545 2670 4608 docere
2725 4545 2969 4625 debuit,
3038 4565 3262 4608 versus
3323 4546 3467 4609 illos
3513 4547 3861 4609 rectissime
3909 4554 4087 4609 stare.

760 4667 1087 4732 Praeclara
1130 4667 1236 4731 illa
1282 4668 1561 4730 oratione
1628 4667 1711 4747 (v,
1758 4664 1951 4726 286-
1969 4664 2117 4744 326)
2172 4665 2445 4728 Alcestis
2492 4667 2782 4728 maritum
2832 4669 2962 4728 orat
3007 4671 3196 4748 atque
3242 4673 3437 4749 rogat,
3505 4669 3573 4727 ut
3617 4686 3685 4728 se
3731 4668 3835 4748 pio
3881 4668 4090 4728 animo

758 4789 1007 4870 coleret,
1074 4806 1235 4852 neve
1302 4806 1635 4851 novercam
1704 4785 1929 4868 ducat,
1995 4802 2155 4868 quae
2217 4783 2449 4847 liberos
2520 4804 2599 4846 ex
2670 4804 2738 4847 se
2785 4789 2962 4848 natos
3009 4786 3170 4848 male
3215 4789 3446 4851 tractet.
3553 4784 3692 4849 Hoc
3751 4791 3915 4848 certe
3982 4784 4091 4846 Al-

760 4910 952 4973 cestis
998 4929 1036 4971 a
1077 4909 1299 4972 marito
1347 4926 1475 4970 non
1519 4908 1865 4990 petivisset,
1911 4907 2035 4969 nisi
2081 4903 2203 4967 sibi
2247 4874 2620 4988 persuasum
2665 4905 2908 4984 fuisset,
2953 4905 3292 4968 Admetum
3353 4922 3421 4965 se
3471 4905 3650 4967 facile
3697 4924 3767 4966 ac
3811 4903 4094 4966 celeriter

758 5027 1099 5094 obliturum
1151 5046 1295 5091 esse
1427 5026 1588 5103 Quid
1658 5028 1849 5109 igitur
1903 5027 2202 5088 miramur
2245 5025 2623 5088 Alcestidem
2685 5026 2873 5108 paulo
2921 5029 3060 5107 post
3108 5029 3318 5086 nostro
3364 5024 3503 5088 loco
3549 5025 3886 5105 coniugem
3940 5044 4093 5107 que-
