4609 5692
2199 428 2708 500 „23-

769 652 962 734 genia
1009 653 1071 714 et
1108 648 1366 712 Orestes
1414 648 1682 712 consilio
1727 647 1915 731 fugae
1958 648 2118 710 inito
2165 646 2427 710 chorum
2473 647 2652 708 orant
2697 649 2890 727 atque
2935 646 3176 726 rogant,
3209 663 3288 707 nc
3319 643 3660 708 consilium
3713 649 3844 730 regi
3886 647 4123 730 prodat.

772 769 948 834 Dicit
992 768 1327 852 Iphigenia
1371 787 1430 832 v.
1478 767 1679 832 1063:

1612 877 1919 973 σιγήσαθ’,
1962 880 2099 972 ἡμῖν
2141 886 2243 947 καὶ
2286 873 2759 953 συνεκπονήσατε

1613 1000 1808 1093 φυγὰς
1850 1009 1987 1069 κτλ.

774 1128 931 1192 Mihi
967 1131 1109 1212 post
1153 1117 1431 1212 σιγήσαθ’
1487 1127 2074 1210 interpungendum
2115 1126 2388 1206 videtur,
2434 1143 2821 1208 quamquam
2869 1141 3101 1206 negare
3145 1142 3272 1186 non
3321 1117 3587 1206 possum
3633 1125 3767 1189 fieri
3812 1145 4004 1208 posse
4062 1133 4130 1191 ut

773 1243 911 1334 ἡμῖν
953 1268 1098 1312 cum
1146 1240 1425 1334 σιγήσαθ’
1479 1250 1927 1330 coniungatur,
1973 1251 2041 1309 ut
2092 1248 2202 1310 sit:
2262 1265 2375 1330 pro
2420 1243 2636 1323 nobis3
2701 1247 2764 1307 at
2806 1244 3038 1306 melius
3084 1243 3430 1320 mihicum
3477 1255 3845 1309 συνεκπονεῖν
3905 1248 4128 1311 cohae-

774 1389 911 1434 rere
978 1369 1251 1453 videtur,
1318 1369 1490 1454 quod
1547 1388 1678 1432 non
1726 1369 1954 1431 reicies
1998 1368 2221 1432 collato
2267 1385 2459 1430 versu
2502 1362 2679 1428 Iouis
2723 1384 2782 1424 v.
2831 1364 2954 1427 850
3010 1357 3134 1448 ἐγὼ
3182 1360 3288 1448 μὲν
3331 1357 3432 1426 οὖν
3476 1367 3566 1428 σοὶ
3611 1367 3712 1428 καὶ
3767 1378 4130 1431 συνεκπονεῖν

778 1490 949 1554 θέλω
974 1491 1002 1569 ΙΙ
1028 1491 1128 1552 καὶ
1170 1479 1566 1576 συμφονεύειν.

770 1681 775 1690 ,
1112 1608 1298 1674 Hanc
1357 1609 1837 1675 collocationem
1882 1629 2067 1693 porro
2113 1611 2179 1672 iu
2224 1607 2559 1691 Hippolyti
2619 1624 2812 1669 versu
2858 1607 2981 1669 224
3048 1605 3450 1669 statuendam
3516 1627 3659 1673 esse
3705 1609 3909 1674 credo.
3997 1610 4131 1673 Au-

779 1732 964 1796 diunt
1007 1752 1064 1797 v.
1109 1732 1232 1794 223
1276 1734 1340 1795 et
1382 1733 1506 1794 224
1543 1733 1669 1795 sic:

1614 1850 1676 1913 τί
1718 1848 1880 1932 ποτ’,
1925 1843 1975 1912 ὦ
2022 1850 2249 1931 τέκνον,
2294 1843 2447 1915 τάδε
2490 1853 2809 1939 κηραίνεις;

1615 1971 1674 2034 τί
1718 1971 2077 2056 κυνηγεσίων
2120 1973 2244 2033 καὶ
2286 1973 2378 2034 σοὶ
2421 1972 2679 2058 μελέτω

780 2091 925 2156 Nou
967 2092 1176 2173 video,
1219 2110 1333 2154 cur
1375 2089 1902 2157 Wilamowitzius
1945 2093 2357 2177 praecedente
2393 2092 2746 2177 DindorfiO,
2801 2094 2970 2157 hunc
3016 2108 3273 2152 vorsum
3319 2090 3623 2154 deleverit
3666 2091 3873 2170 (Anal.
3911 2090 4128 2175 Eurip.

780 2232 839 2295 p.
883 2213 1052 2294 219).
1141 2210 1327 2276 Delet
1369 2215 1610 2294 autum,
1656 2215 1805 2296 quia
1869 2215 2150 2298 integros
2217 2215 2481 2278 nutricis
2549 2232 2878 2277 sermones
2942 2213 3063 2274 212
3114 2211 3279 2272 -1214
3348 2217 3409 2273 et
3475 2211 3806 2273 223-227
3854 2212 4017 2274 inter
4061 2231 4131 2274 se

780 2335 1136 2416 permutare
1180 2333 1332 2396 vult.
1420 2333 1545 2399 Sed
1602 2333 1719 2397 hac
1787 2336 2137 2399 mutatione
2196 2355 2324 2399 non
2394 2353 2552 2418 opus
2599 2333 2867 2416 videtur,
2933 2352 3145 2417 neque
3203 2329 3441 2414 Iahnii,
3509 2334 3620 2414 qui
3691 2331 4026 2395 213-214
4072 2335 4134 2394 et

783 2453 906 2515 223
951 2456 1013 2516 et
1068 2452 1400 2516 225-227
1456 2455 1621 2518 inter
1682 2473 1752 2518 se
1816 2459 2146 2539 permutat.
2250 2454 2660 2520 Permutaudi
2729 2455 2893 2516 inter
2961 2472 3030 2516 se
3098 2456 3249 2516 sunt
3292 2457 3537 2518 tantum
3611 2476 3671 2516 v.
3715 2453 3854 2514 213.
3904 2453 4028 2514 214
4071 2457 4133 2515 ct

784 2571 1116 2636 225--227
1163 2572 1462 2637 omnibus
1506 2574 1648 2638 aliis
1691 2575 1984 2639 versibus
2021 2576 2287 2660 integris
2331 2575 2584 2640 relictis

1118 2690 1267 2756 Huc
1309 2692 1574 2758 sortasse
1616 2695 1985 2760 referendus
2032 2699 2128 2759 est
2169 2696 2352 2760 locus
2398 2694 2685 2779 lphigen.
2732 2692 2945 2759 Aulid.
2992 2694 3114 2757 393
3159 2697 3222 2756 et
3266 2693 3419 2758 394:

2258 2828 2296 2903 ᾗ
2344 2825 2414 2895 δέ
2454 2830 2505 2920 γ’
2561 2832 2740 2911 ἐλπίς,
2787 2827 2949 2916 οἶμαι
2993 2828 3116 2916 μὲν,
3160 2821 3304 2904 θεός

1552 2975 1561 2984 ·
1622 2943 1985 3039 κάξέπραξεν
2029 2948 2178 3017 αὐτὸ
2224 2956 2473 3038 μᾶλλον,
2516 2947 2555 3022 ἢ
2603 2946 2672 3014 σὺ
2718 2952 2819 3013 καὶ
2859 2946 2933 3013 τὸ
2980 2945 3081 3014 σὸν
3125 2950 3353 3026 σθένος.

788 3068 966 3145 Quae
1007 3068 1220 3148 verba,
1265 3070 1319 3133 si
1362 3074 1528 3134 recte
1570 3071 1792 3135 tradita
1837 3076 2006 3154 sunt,
2049 3094 2180 3137 non
2225 3076 2405 3138 aliter
2434 3071 2860 3156 intellegenda
2891 3076 3060 3152 sunt,
3125 3092 3198 3135 ac
3229 3075 3288 3136 si
3324 3073 3621 3136 dixisset:
3667 3065 3705 3139 ἡ
3749 3071 3929 3150 ἐλπίς,
3975 3067 4139 3154 οἶμαι
4233 3045 4239 3049 ‘

789 3191 889 3251 καὶ
932 3193 1097 3251 θεῶν
1134 3211 1226 3263 τις
1270 3178 1583 3276 ἐξέπραξεν
1626 3186 1791 3255 αὐτὸ.
1881 3192 2003 3257 Sed
2034 3214 2188 3257 num
2220 3194 2338 3258 hoc
2370 3193 2612 3256 admitti
2634 3193 2852 3275 possit,
2894 3192 3077 3255 valde
3113 3192 3379 3257 dubium
3403 3193 3556 3256 mihi
3582 3197 3698 3273 est,
3745 3210 4130 3274 quamquam

791 3310 1108 3394 exemplis
1168 3311 1389 3374 autea·
1420 3309 1624 3373 allatis
1668 3314 1768 3375 καὶ
1812 3315 1904 3377 sic
1945 3316 2224 3396 positum
2269 3315 2424 3378 satis
2466 3317 2842 3377 excusatum
2886 3317 3056 3396 puto.
3148 3313 3423 3377 Offendit
3466 3315 3638 3377 enim
3683 3317 4006 3395 praeterea
4035 3308 4141 3395 μὲν

792 3435 855 3495 et
896 3420 1043 3505 θεός
1103 3450 1214 3515 pro
1274 3421 1418 3504 θεὸς
1473 3453 1563 3505 τις
1618 3433 1719 3496 vel
1772 3421 1939 3496 θεῶν
1986 3457 2078 3508 τις
2132 3440 2525 3518 usurpatum.
2620 3433 2845 3518 ltaque
2888 3452 3017 3498 non
3063 3434 3449 3518 repugnabo,
3495 3437 3547 3497 si
3595 3435 3741 3518 quis
3784 3433 4137 3517 graviorem

792 3553 1210 3636 corruptelam
1255 3549 1523 3615 subesse
1570 3552 1751 3617 dicet.
1840 3556 1927 3617 At
1981 3557 2059 3635 ei,
2118 3558 2230 3639 qui
2284 3555 2444 3619 nihil
2499 3556 2873 3620 mutandum
2915 3561 3199 3637 censent,
3245 3555 3600 3619 liberiorem
3649 3554 3992 3637 palticulae
4040 3553 4138 3613 καὶ

793 3672 1267 3736 collocationem
1310 3690 1543 3757 negare
1585 3692 1713 3738 non
1761 3678 2074 3757 poterunt.

1125 3790 1366 3874 Restat,
1425 3796 1496 3856 ut
1532 3814 1734 3878 pauca
1778 3793 1972 3859 verba
2014 3796 2233 3859 faciam
2281 3796 2361 3859 de
2407 3794 2712 3878 particula
2770 3787 2910 3857 οὔτε
2961 3797 3062 3859 vel
3123 3789 3264 3859 οὐδὲ
3328 3798 3523 3861 simili
3591 3779 3773 3860 modo
3820 3793 4136 3876 usurpatis

792 3910 971 4010 Haec
1011 3932 1356 3997 proponam
1401 3916 1710 4000 exempla.
1798 3915 2100 3980 Androm.
2147 3915 2440 3980 866—69
2484 3918 2701 3979 nutrix
2746 3917 2900 3980 haec
2943 3918 3123 3981 dicit:

1632 4027 1682 4097 ὦ
1723 4045 1848 4116 παῖ,
1892 4030 1979 4099 τὸ
2031 4036 2198 4099 λίαν
2237 4030 2375 4099 οὔτ’
2430 4035 2635 4100 ἐκεῖν’
2689 4027 2966 4119 ἐπῄνεσα,

1629 4154 1714 4223 ὅτ’
1769 4162 1847 4232 εἰς
1887 4167 2136 4242 γυναῖκα
2178 4149 2417 4244 Τρῳάδ’
2469 4149 2864 4245 ἐξημάρτανες

1634 4272 1771 4341 οὔτ’
1827 4270 1914 4340 αὖ
1956 4272 2038 4341 τὸ
2084 4282 2197 4339 νῦν
2239 4281 2347 4340 σοῦ
2388 4269 2532 4363 δεῖμ’
2587 4271 2620 4341 ὁ
2665 4270 2973 4364 δειμαίνεις
3015 4269 3184 4360 ἄγαν.

794 4396 920 4461 Hic
966 4417 1119 4463 sane
1166 4400 1490 4466 collocatio
1533 4398 1875 4486 particulae
1915 4391 2055 4461 οὔτε
2098 4398 2335 4462 recedit
2376 4419 2413 4462 a
2457 4400 2666 4479 solito;
2711 4419 2859 4462 nam
2904 4397 3439 4461 desideraremus:
3487 4389 3626 4457 οὔτε
3669 4395 3854 4455 ἐκεῖνο
3898 4386 3970 4456 τὸ
4010 4393 4142 4454 λίαν

798 4509 1072 4601 ἐπῄνεσα,
1117 4513 1237 4582 οὔτ’
1291 4514 1366 4584 αὖ
1409 4516 1484 4585 τὸ
1528 4526 1640 4585 νῦν.
1728 4520 1956 4604 Neque
1999 4521 2215 4583 minus
2259 4524 2500 4583 certum
2544 4519 2812 4603 videtur,
2858 4519 3028 4604 quod
3079 4519 3310 4603 legitur
3353 4515 3574 4579 Electr.
3641 4513 3802 4575 1175
3848 4518 3910 4576 ot
3955 4512 4136 4576 1176.

1632 4637 1742 4704 οὐκ.
1786 4644 1943 4702 ἔστιν
1981 4630 2171 4713 οὐδεὶς
2216 4635 2375 4713 οἶκος
2417 4631 2805 4727 ἀθλιώτερος,

1632 4766 1758 4824 τῶν
1789 4758 2178 4824 Τανταλείων
2219 4751 2366 4822 οὐδ’
2422 4763 2531 4845 ἔφυ
2569 4758 2698 4823 ποτ’
2752 4752 3028 4845 ἐκγόνων.

800 4878 921 4945 Par
972 4883 1089 4964 est,
1132 4884 1258 4943 τῶν
1297 4881 1685 4946 Τανταλείων
1722 4902 1852 4946 uon
1900 4882 1979 4947 ad
2023 4900 2120 4964 ea,
2163 4900 2326 4965 quae
2369 4882 2790 4966 antecedam,
2834 4881 3117 4945 revocari
3148 4899 3355 4964 posse,
3386 4878 3498 4941 sed
3530 4877 3845 4940 artissime
3876 4874 4141 4938 coniun-

799 5002 1081 5086 gendum
1128 5021 1270 5066 esse
1315 5022 1461 5066 cum
1505 5002 1699 5068 verbo
1744 4991 2022 5089 ἐκγόνων.
2110 4999 2288 5077 Quae
2335 5002 2390 5064 si
2431 5004 2843 5085 reputaveriS,
2887 5022 3015 5067 non
3063 4999 3402 5080 dubitabis,
3447 4998 3605 5081 quin
3656 4995 3734 5058 do
3793 5014 3921 5057 uno
3968 4992 4140 5058 Ionis

800 5122 938 5190 loco
983 5122 1148 5188 idem
1193 5124 1593 5190 statuendum
1642 5127 1742 5207 sit,
1786 5122 1897 5188 ubi
1945 5144 2000 5185 v.
2048 5122 2209 5187 1135
2253 5127 2316 5187 ot
2362 5124 2522 5188 1136
2570 5124 2686 5187 hoc
2729 5124 2991 5207 legitur:
