4609 5692
1916 423 2404 492 -13--.

3241 495 3248 526 l

481 645 745 720 rentem,
789 638 940 723 quid
985 657 1185 700 uxore
1230 636 1462 699 amissa
1509 636 1712 714 faciat,
1754 634 2108 716 repudiare,
2140 653 2285 696 cum
2331 632 2495 695 dicat
2543 635 2793 716 tempus
2837 633 3113 697 dolorem
3161 651 3349 695 suum
3385 632 3817 714 mitigaturum

486 763 674 826 esse?
741 759 949 837 Quid?
1020 758 1176 820 haec
1220 754 1558 820 Alcestidis
1603 754 1796 819 verba
1848 774 1928 818 ex
1990 753 2210 817 eadem
2272 754 2413 816 eius
2477 753 2710 815 mentis
2769 751 3139 816 condicione
3182 769 3626 835 promanasse,
3691 769 3819 834 qua

485 883 840 964 coniugem,
885 897 967 941 ne
999 897 1068 941 se
1115 878 1422 940 mortuam
1469 878 1915 956 contemneret,
1955 878 2205 957 precata
2250 877 2367 955 cst,
2411 892 2624 936 nonne
2670 874 2904 956 optimo
2946 873 3087 937 iure
3130 871 3544 956 putabimus?
3614 867 3820 934 Timet

484 1002 673 1084 igitur
716 998 934 1062 liberis
979 1015 1327 1080 eorumque
1369 996 1649 1059 felicitati
1695 998 1882 1077 atque
1926 994 2041 1057 hoc
2071 996 2293 1057 timore
2324 996 2605 1076 permota
2654 1010 2723 1055 se
2777 994 3076 1056 iniustam
3120 996 3184 1058 ot
3234 991 3522 1056 acerbam
3564 990 3821 1076 praebet

484 1124 553 1184 in
596 1122 893 1185 maritum
939 1119 1040 1181 vel
1086 1118 1273 1181 etiam
1319 1119 1487 1196 tum,
1551 1117 1887 1199 postquam
1927 1114 2034 1178 ille
2078 1116 2325 1195 omnia,
2381 1131 2543 1196 quae
2589 1114 2830 1195 petivit,
2893 1112 3201 1176 facturum
3248 1131 3318 1175 so
3363 1130 3506 1176 esse
3548 1109 3820 1175 affirma-

487 1242 593 1303 vit.
709 1241 919 1322 Atque
985 1237 1101 1300 hac
1154 1237 1220 1299 in
1266 1255 1335 1298 re
1380 1239 1562 1320 pocta
1606 1235 1761 1298 mihi
1804 1233 2160 1298 laudandus
2204 1234 2481 1316 videtur,
2544 1233 2714 1317 quod
2779 1232 3080 1297 seminam
3126 1252 3250 1298 non
3299 1234 3473 1297 omui
3516 1250 3597 1295 ex
3644 1235 3819 1315 parto

486 1359 897 1424 admiratione
944 1357 1222 1441 dignam,
1259 1354 1369 1419 sed
1415 1358 1484 1418 ut
1526 1360 1765 1419 ceteros
1811 1356 2102 1419 mortales
2151 1356 2299 1419 vitio
2348 1353 2618 1438 quodam
2665 1353 2948 1417 affectam
2977 1353 3183 1417 finxit.
3277 1353 3523 1418 Versus
3570 1353 3710 1416 526.
3737 1352 3817 1415 27

1074 1476 1201 1563 Ηρ;
1333 1467 1399 1553 oi,
1444 1469 1525 1560 μὴ
1568 1466 1844 1561 πρόκλαι’
1899 1469 2142 1552 ἄκοιτιν,
2190 1480 2268 1548 εἰς
2307 1465 2431 1538 τότ’
2486 1471 2787 1554 ἀναβαλοῦ
2820 1470 2863 1555 ι)

1072 1586 1236 1680 Adia:
1325 1592 1567 1679 τέθνηχ’
1619 1592 1650 1658 ὁ
1692 1595 1932 1681 μέλλων
1974 1592 2202 1657 κούκέτ’
2259 1592 2383 1657 ἔσθ’
2438 1588 2469 1657 ὁ
2515 1583 2856 1657 κατθανών.

487 1717 743 1799 spurios
787 1734 930 1779 esse
977 1713 1353 1780 Wheelerus
1396 1718 1709 1793 autumat3
1754 1735 1903 1779 nam
1948 1735 2212 1780 sensum
2256 1734 2483 1779 versus
2525 1715 2647 1778 526
2693 1714 2845 1778 satis
2888 1712 3163 1777 dilucido
3207 1713 3334 1776 iam
3377 1733 3435 1775 v.
3488 1713 3611 1775 528

1482 1836 1661 1922 χωρὶς
1701 1829 1774 1898 τὸ
1804 1833 1853 1896 τ’
1907 1832 2050 1897 εἶναι
2093 1836 2194 1897 καὶ
2236 1829 2309 1898 τὸ
2350 1829 2432 1920 μὴ
2476 1825 2796 1919 νομίζεται.

487 1973 871 2038 expressum
917 1973 1060 2018 esse
1106 1955 1458 2035 contendit3
1506 1961 1568 2019 at
1610 1956 1727 2019 hoc
1770 1956 1997 2019 falsum
2043 1960 2165 2035 est3
2213 1975 2362 2019 nam
2406 1976 2464 2021 ν.
2509 1955 2628 2017 526
2682 1953 2993 2019 Hercules
3054 1955 3399 2018 Admetum
3443 1953 3822 2035 adhortatur,

490 2095 571 2139 ne
608 2094 873 2139 uxorem
915 2078 1060 2138 ante
1103 2079 1366 2139 mortem
1440 2076 1749 2160 deploret,
1811 2082 1872 2140 at
1914 2098 1972 2139 ν.
2019 2079 2140 2140 528
2207 2077 2357 2140 dicit
2418 2075 2589 2139 aliud
2645 2094 2787 2139 esse
2831 2077 3083 2157 vivere,
3152 2075 3322 2139 aliud
3387 2094 3515 2139 non
3582 2076 3821 2144 vivere.

489 2197 731 2261 Sensus
775 2197 970 2280 igitur
1013 2195 1283 2260 duorum
1342 2215 1645 2260 versuum
1709 2197 1896 2281 plane
1958 2197 2252 2261 diversus
2296 2201 2409 2261 est.
2523 2195 2852 2260 Praeterea
2913 2195 3171 2259 offendit
3213 2214 3361 2259 eum
3399 2195 3704 2277 particula
3762 2186 3820 2259 ἆ.

490 2337 684 2402 quam
727 2338 763 2380 a
806 2318 1061 2399 tragicis
1101 2321 1467 2400 usurpatam
1515 2337 1658 2382 esse
1725 2319 1894 2399 dicit,
1958 2321 2027 2380 ut
2068 2319 2499 2402 exprimerent
2562 2336 2825 2381 sensum
2865 2317 3063 2380 animi
3106 2317 3483 2400 gravissime
3525 2316 3820 2380 commoti

486 2443 595 2501 aut
638 2437 1048 2500 vehementer
1113 2437 1480 2501 admirantis
1549 2438 1653 2502 vel
1712 2439 2102 2524 indignantis
2148 2443 2257 2503 aut
2319 2443 2491 2503 metu
2553 2438 2656 2503 vel
2720 2439 2973 2502 horrore
3017 2437 3279 2501 attoniti.
3384 2436 3525 2502 Hoc
3567 2438 3635 2500 in
3681 2438 3821 2501 uni-

484 2577 741 2621 versum
787 2561 954 2621 recte
998 2557 1357 2640 disputasse
1407 2559 1686 2639 videtur3
1748 2565 2024 2624 attamen
2085 2559 2206 2623 loci
2250 2561 2694 2639 inveniuntur,
2761 2556 2994 2641 quibus
3056 2560 3242 2622 etiam
3310 2558 3388 2623 ab
3455 2557 3821 2623 hominibus

485 2680 701 2741 minus
746 2679 1076 2741 commotis
1117 2682 1454 2762 usurpatur
1494 2680 1567 2742 cf.
1616 2679 1844 2744 Bacch.
1891 2680 2031 2747 840.

1328 2793 1355 2818 «κ

1318 2823 1360 2860 α

1322 2911 1524 3002 βούλει
1562 2920 1654 3008 σφ’
1706 2924 1767 2984 ἐν
1795 2916 1981 3009 ὄρεσιν
2018 2922 2478 3009 συγκαθημένας
2520 2914 2692 3002 ἰδεῖν;

833 3174 892 3240 1)
927 3175 1117 3229 Nauck
1170 3174 1410 3244 Euripid.
1467 3172 1691 3228 Studien
1736 3176 1788 3225 11
1834 3190 1885 3243 p.
1922 3175 1992 3228 64
2049 3190 2144 3244 pro
2196 3169 2447 3242 ἀναβαλοῦ·
2501 3174 2835 3229 scribendum
2890 3185 3066 3230 censet
3104 3170 3351 3246 ἀμβαλοδ,
3421 3175 3562 3247 quod
3606 3177 3826 3232 minime

492 3259 776 3314 verisimile
812 3277 926 3314 esse
978 3264 1139 3329 putat
1185 3260 1494 3331 Euripidem
1554 3262 1610 3314 in
1673 3261 1860 3329 quinto
1911 3261 2045 3331 pede
2080 3260 2289 3315 senarii
2347 3261 2563 3315 iambici
2597 3262 2914 3316 solutionem
2968 3263 3268 3326 admisiss03
3321 3267 3381 3319 at
3430 3264 3571 3319 hanc
3603 3264 3826 3319 solutio-

490 3362 607 3399 nem
644 3347 855 3416 saepius
891 3346 1178 3400 admissam
1214 3348 1451 3401 videmus
1507 3347 1767 3416 imprimis
1817 3349 1874 3401 in
1934 3348 2413 3418 praepositionibus
2468 3341 2546 3400 διὰ
2600 3349 2728 3417 περὶς
2798 3350 2930 3404 haec
2975 3351 3104 3403 sunt
3140 3350 3401 3419 exempla:
3457 3350 3670 3406 Orestes
3725 3350 3827 3405 518

485 3427 700 3493 ἀνοσίους
734 3434 869 3488 1605
907 3426 1209 3502 φιλοπάτωρ.
1283 3433 1514 3488 Troades
1562 3434 1698 3487 1170
1734 3430 1983 3503 μακάριον.
2022 3434 2124 3489 996
2162 3434 2396 3486 Μενελέω.
2434 3436 2757 3490 Phoenissae
2792 3435 2896 3491 494
2931 3428 3218 3505 περιπλοκὰς
3256 3434 3358 3490 509
3393 3429 3652 3497 ἀπολέσας.
3692 3435 3826 3491 1078

484 3518 730 3587 περιβολαὶ
762 3521 797 3574 J
799 3537 881 3574 on.
938 3519 1066 3574 1001
1103 3514 1315 3590 νεογόνῳ
1357 3520 1485 3574 1541
1523 3514 1792 3591 λεγόμενος.
1866 3521 2092 3590 Cyclops
2143 3520 2245 3575 677
2279 3521 2543 3575 κατέκλυσε
2575 3522 2681 3577 348
2715 3519 2924 3576 ἀνοσίου.
2963 3523 3068 3577 240
3120 3521 3410 3591 καταβαλεῖν
3450 3523 3547 3577 173
3582 3518 3822 3593 ἀμαθίαν.

480 3606 728 3676 Iphigen.
769 3608 926 3661 Taur.
963 3606 1032 3659 23
1068 3601 1323 3676 ἀναφέρων
1355 3607 1459 3662 985
1493 3606 1791 3661 Πελοπίδων.
1863 3609 2105 3677 Iphigen.
2142 3609 2264 3662 Aul.
2302 3610 2404 3663 632
2440 3609 2685 3679 περιβαλῶ
2716 3612 2822 3666 844
2847 3605 2908 3662 τὰ
2943 3604 3076 3679 παρὰ
3112 3611 3204 3663 σοῦ
3231 3611 3361 3664 1247
3398 3604 3487 3662 δύο
3524 3609 3651 3678 φίλω
3693 3611 3827 3665 1414

483 3687 561 3745 διὰ
605 3687 769 3764 μάχης
796 3694 1050 3748 Hercules
1086 3694 1189 3746 632
1225 3689 1450 3763 διάφεροι.
1488 3693 1589 3746 182
1627 3692 1863 3762 βασιλέων
1896 3695 1962 3748 76
1998 3693 2225 3763 διαφέρω.
2296 3694 2513 3748 Electra
2547 3696 2650 3750 616
2685 3690 2965 3765 δορυφόρω.
3042 3698 3260 3751 Helena.
3293 3697 3390 3750 123
3437 3695 3681 3757 Μενελέως
3707 3699 3825 3752 511.

483 3778 701 3848 βασιλέα.
755 3778 874 3834 888.
930 3778 1134 3832 διολέσω
1171 3782 1272 3836 999
1310 3774 1594 3850 τρεπόμενος
1636 3781 1771 3835 1054
1805 3775 2007 3834 ἀνόσιον.
2052 3781 2182 3835 1066
2216 3776 2431 3841 εὖαλίους
2485 3782 2620 3835 1546
2648 3786 2907 3852 κενοταφεῖ.
2981 3783 3227 3838 Bacchae
3280 3781 3384 3837 272
3435 3782 3665 3852 διαγιλᾷς,
3718 3785 3822 3838 322

480 3867 636 3922 idem.
690 3868 797 3922 484
842 3861 1063 3936 διάφοροι
1122 3868 1231 3922 752
1276 3867 1510 3937 πολέμιοι.
1554 3869 1681 3922 1051
1739 3862 2002 3937 διάβροχον
2057 3869 2189 3923 1247
2229 3868 2519 3937 παρακαλεῖς
2577 3868 2709 3923 1260
2762 3863 2838 3921 διὰ
2891 3868 3072 3930 τέλους.
3158 3869 3379 3926 Hecuba
3426 3870 3558 3925 1284
3592 3864 3823 3942 ἀναμένει.

481 3954 622 4008 idem
656 3955 911 4010 Androm.
949 3956 1067 4009 444.
1139 3956 1374 4010 Alcestis
1424 3955 1524 4009 526
1562 3950 1827 4023 ἀναβαλοῦ.
1922 3956 1981 4008 ld
2016 3959 2230 4009 tantum
2266 3956 2372 4010 dici
2407 3959 2602 4026 potest.
2655 3956 2972 4010 solutionem
3018 3957 3074 4011 in
3109 3957 3301 4027 prioris
3337 3957 3593 4027 temporis
3628 3957 3825 4012 fabulis

482 4041 659 4095 minus
687 4059 841 4111 saepe
876 4041 1173 4097 adhibitam
1212 4059 1341 4106 esse,
1379 4059 1537 4112 quam
1572 4042 1631 4095 in
1659 4042 2038 4112 posterioribus
2067 4042 2274 4096 fabulis.
2350 4042 2453 4097 Sed
2489 4041 2632 4097 aliud
2669 4043 3051 4098 observandum
3074 4047 3172 4107 est,
3210 4046 3265 4098 in
3302 4044 3489 4114 quinto
3525 4044 3658 4114 pede
3685 4044 3827 4115 apud

484 4127 794 4197 Euripidem
830 4129 1058 4197 syllabas
1095 4129 1298 4183 solutas
1333 4146 1539 4198 semper
1571 4129 1786 4183 initium
1840 4129 1963 4181 novi
2000 4129 2145 4183 verbi
2179 4130 2404 4183 efficere.
2480 4130 2652 4199 lphig.
2690 4130 2811 4183 Aul.
2862 4130 2967 4185 844
3002 4124 3065 4184 τά
3101 4124 3236 4199 παρὰ
3271 4132 3361 4183 σοῦ
3395 4147 3457 4185 eo
3493 4137 3828 4198 excusantur,

480 4213 620 4282 quod
661 4215 795 4268 haec
830 4216 988 4269 verba
1023 4219 1136 4270 tam
1174 4219 1322 4269 arcte
1358 4216 1660 4278 cohaerent,
1698 4218 1761 4269 ut
1799 4232 1961 4269 unum
1998 4217 2107 4269 fere
2145 4216 2361 4270 verbum
2393 4217 2645 4271 efficiant.
2717 4217 2833 4272 Hac
2871 4234 2991 4272 cum
3030 4218 3216 4286 regula
3241 4221 3451 4288 pugnat
3475 4236 3611 4273 unus
3646 4236 3827 4273 versus

482 4300 730 4370 Cyclopis
767 4300 892 4364 597,
948 4303 1037 4370 qui
1074 4304 1260 4356 finitur
1293 4302 1491 4355 verbis:
1546 4294 1630 4354 τὸν
1664 4301 1853 4370 πατέρα
1886 4301 2078 4368 παθεῖν,
2131 4305 2190 4356 at
2225 4305 2414 4372 utpote
2452 4304 2506 4357 in
2544 4304 2724 4358 fabula
2763 4305 3002 4367 satirica,
3059 4321 3194 4375 quae
3230 4305 3297 4359 ad
3334 4305 3633 4361 comoediae
3667 4306 3826 4361 liber-

479 4389 649 4440 tatem
679 4389 844 4442 etiam
882 4389 935 4442 in
976 4390 1213 4443 metricis
1248 4389 1404 4443 rebus
1440 4390 1682 4454 inclinat,
1720 4394 1784 4443 ut
1819 4390 2171 4444 demonstrari
2205 4393 2402 4458 potest,
2458 4392 2678 4446 minime
2736 4392 3042 4446 mutandus.
3115 4394 3318 4447 Contra
3351 4392 3645 4462 Aeschylus
3680 4394 3825 4449 arsin

482 4473 661 4542 quinti
696 4474 845 4543 pedis
881 4476 961 4529 ita
998 4475 1175 4540 solvit,
1215 4483 1275 4530 ut
1300 4476 1533 4543 syllabae
1569 4476 1775 4529 solutae
1812 4480 1868 4530 et
1902 4477 2117 4531 initium
2155 4480 2210 4531 et
2249 4476 2410 4530 finem
2448 4476 2592 4530 verbi
2629 4477 2837 4531 efficere
2874 4477 3112 4546 possint:
3164 4479 3442 4534 Eumenid.
3478 4482 3550 4534 40
3581 4477 3826 4549 θεομυσῆ.

480 4560 759 4628 Supplices
803 4561 903 4615 259
939 4556 1055 4615 τάδε
1089 4563 1260 4630 κρατῶ
1292 4562 1439 4617 Pers.
1476 4563 1580 4616 448
1616 4557 1879 4632 φιλόχορος
1913 4565 2015 4618 492
2054 4557 2346 4615 Μακεδόνων
2379 4563 2476 4616 501
2518 4557 2596 4615 διὰ
2621 4558 2772 4631 πόρον
2796 4565 2880 4631 (Ρ)
2918 4564 3096 4618 Prom.
3125 4567 3190 4618 52
3215 4564 3495 4634 περιβαλεῖν,
3513 4569 3573 4619 at
3590 4566 3826 4636 Supplic.

478 4645 583 4700 388
621 4640 867 4713 ἐγγύτατα
905 4647 1066 4716 γένους
1102 4648 1251 4703 Eum.
1288 4650 1392 4703 480
1427 4643 1683 4720 ἀμφότερα
1721 4649 1868 4720 μένειν
1886 4649 1969 4718 ff)
2009 4650 2107 4703 797
2147 4644 2387 4720 μαρτύρια
2420 4651 2595 4718 παρῆν.
2645 4650 2831 4720 Neque
2867 4651 3025 4704 aliter
3059 4666 3142 4705 res
3186 4650 3328 4722 apud
3365 4653 3680 4723 Sophoclem
3716 4657 3824 4709 est:

476 4734 607 4787 Aias
662 4734 781 4787 459.
835 4735 977 4786 πεδία
1015 4730 1147 4803 τάδε,
1185 4735 1381 4789 Electr.
1443 4737 1546 4791 326
1600 4731 1795 4806 ἐντάφια
1847 4739 2011 4805 χεροῖν
2047 4737 2302 4805 Antigon.
2357 4738 2464 4790 418
2519 4732 2739 4806 οὖρανίον
2773 4731 2914 4807 ἀχος.
2988 4738 3115 4794 Oed.
3152 4738 3264 4792 Rex
3323 4739 3450 4793 1496
3501 4733 3587 4792 τὸν
3636 4740 3824 4812 πατέρα

487 4813 615 4886 πατὴ
628 4838 671 4889 ρ,
728 4824 788 4874 at
840 4821 965 4876 Oed.
1023 4823 1134 4876 Rex
1196 4823 1328 4879 1505
1363 4823 1568 4892 περιίδῃς
1618 4825 1719 4880 967
1774 4818 1801 4874 ὃ
1843 4821 1897 4874 δὲ
1950 4817 2123 4875 θανών
2157 4823 2432 4878 Philoctet
2505 4824 2638 4878 1303
2675 4824 2907 4895 πολέμιον
2960 4829 3030 4879 et.
3080 4824 3214 4877 1327
3278 4820 3526 4895 ἀκαλυφῆ.
3602 4829 3828 4884 Videtur

480 4907 655 4974 igitur
689 4908 971 4977 Euripides
1007 4910 1062 4961 in
1099 4910 1183 4963 his
1220 4910 1456 4963 metricis
1491 4910 1734 4964 minutiis
1764 4911 2097 4964 constantior
2137 4910 2316 4973 fuisse,
2365 4927 2522 4979 quam
2560 4912 2855 4981 Aeschylus
2894 4917 2951 4966 et
2987 4911 3322 4980 Sophocles.-
3363 4912 3586 4969 Veteres
3620 4915 3823 4970 iambo·

486 4994 684 5062 graphi
720 4994 898 5063 quinti
932 4995 1079 5064 pedis
1116 4996 1435 5050 solutionem
1475 4996 1687 5049 omnino
1725 5013 1829 5050 non
1866 4995 2222 5058 admiserunt3
2260 5011 2382 5049 nam
2423 5013 2559 5064 quae
2596 4996 2755 5065 aqud.
2827 4997 2965 5051 Sem.
2999 4998 3045 5060 7,
3073 4997 3141 5050 43
3159 5001 3216 5050 et
3274 4998 3370 5050 102
3409 4999 3624 5069 (Bergk.
3654 5017 3705 5071 p.
3723 5002 3826 5055 449

523 5083 565 5133 t.
601 5080 690 5147 52)
737 5083 1008 5151 leguntur,
1047 5083 1182 5136 nihil
1217 5083 1424 5149 docent,
1463 5084 1588 5153 quia
1625 5083 1744 5137 illas
1781 5083 1976 5138 formas
2012 5083 2400 5139 contrahendas
2436 5099 2549 5138 esse
2585 5083 2738 5138 facile
2772 5087 3041 5154 putamus.
