4609 5692
1342 571 1383 640 ἀ
1425 573 1466 642 ἀ

1342 711 1401 773 τί
1447 707 1516 772 σὺ
1554 706 1696 798 πρὸς
1739 702 2097 798 μελάθροιςς
2138 710 2199 772 τί
2241 703 2312 772 σὺ
2353 700 2503 791 τῇδε
2551 712 2765 789 πολεῖς,

1341 828 1550 914 Φοῖβ’;
1595 823 1816 905 ἀδικεῖς
1859 824 1934 893 αὖ
1978 824 2156 917 τιμὰς
2197 830 2406 917 ἐνέρων
3099 832 3179 895 30

1343 943 1764 1039 ἀφοριζόμενος
1807 954 1907 1015 καὶ
1949 945 2353 1029 καταπαύων;

1345 1071 1454 1136 οὐκ
1493 1066 1705 1160 ἤρκεσέ
1757 1095 1849 1135 σοι
1892 1063 2072 1159 μόρον
2103 1064 2403 1159 Ἀδμήτου

1345 1186 1716 1257 διακωλῦσαι
1759 1194 1982 1283 Μοίρας
2026 1187 2209 1276 δολίῳ

1346 1306 1641 1401 σψήλαντι
1681 1315 1897 1403 τέχνης
1933 1321 2030 1379 νῦν
2072 1309 2124 1378 δ’
2178 1318 2273 1381 ἐπὶ
2314 1310 2447 1400 τῇδ’
2497 1312 2569 1381 αὖ

1343 1434 1494 1522 χέρα
1529 1426 1749 1524 τοξήρη
1782 1449 2039 1526 φρουρεῖς
2080 1431 2344 1517 ὁπλίσας,
3099 1440 3179 1506 35

1344 1553 1384 1627 ἥ
1424 1546 1552 1619 τόδ’
1603 1550 1829 1629 ὑπέστη
1860 1548 2031 1622 πόσιν
2072 1551 2343 1622 ἐκλύσαό

1341 1672 1500 1746 αὐτὴ
1544 1681 1859 1764 προθανεῖν
1907 1678 2135 1742 Πελίου
2177 1690 2340 1759 παῒς;

680 1792 860 1858 Haeo
903 1793 1051 1858 Orci
1094 1795 1291 1860 verba
1330 1798 1413 1861 ita
1457 1798 1782 1882 intellege,
1844 1803 1913 1862 ut
1954 1804 2110 1884 post.
2156 1792 2526 1863 καταπαύων
2565 1823 2625 1866 v.
2672 1804 2748 1866 31
2796 1807 2874 1867 et.
2920 1803 3148 1866 Πελίου
3189 1812 3322 1876 παῖς
3366 1803 3461 1865 37.
3508 1800 4015 1882 interrogationis

682 1915 940 1999 signum
990 1934 1240 1999 ponam.
1338 1914 1434 1980 Ita
1478 1918 1651 1980 enim
1696 1919 2277 2002 interpungendum
2323 1941 2465 1985 esse
2508 1921 2883 1987 Wheelerus
2928 1928 3143 1987 contra
3186 1919 3646 1986 Kirebboffium
3692 1918 4017 1983 Prinzium

680 2034 969 2117 aliosque
1013 2034 1308 2117 editores,
1347 2038 1455 2120 qui
1498 2042 1640 2121 post
1684 2038 1788 2102 illa
1827 2038 2020 2103 verba
2064 2044 2368 2123 punctum
2420 2045 2696 2125 ponunt,
2751 2046 2917 2106 recte
2962 2045 3258 2107 statuisse
3313 2041 3590 2122 videtur,
3634 2059 3777 2104 eum
3827 2041 4020 2103 inter-

680 2158 1079 2241 rogatione8‚
1142 2176 1302 2242 quas
1350 2156 1553 2222 Orcus
1598 2159 1869 2242 profert,
1936 2179 2318 2243 responsum
2388 2181 2598 2247 neque
2663 2165 2985 2247 requirant
3046 2182 3253 2246 neque
3319 2165 3650 2247 patiantur.
3761 2158 4020 2235 Quaerit

682 2277 882 2341 enim:
933 2274 1098 2354 Quid
1143 2277 1245 2342 hie
1287 2279 1433 2342 vis?
1465 2277 1717 2343 Rursus
1760 2281 1900 2344 iura
1941 2281 2288 2345 inferorum
2335 2284 2624 2346 minuere
2669 2284 2817 2347 vis?
2872 2282 3017 2347 Non
3064 2281 3179 2347 tibi
3215 2284 3369 2346 satis
3414 2283 3561 2364 fuit,
3625 2281 3701 2344 ab
3750 2281 4020 2344 Admeto

686 2400 951 2463 mortem
1003 2397 1454 2481 prohibuisse?
1516 2398 1708 2465 Nune
1773 2401 1959 2495 etiam
2020 2401 2408 2465 Alcestidem
2471 2406 2747 2466 armatus
2814 2404 2978 2466 tueri
3039 2404 3171 2484 viS‚
3231 2421 3393 2486 quae
3462 2404 3596 2485 ipsa
3662 2404 3846 2466 morti
3903 2421 4015 2484 pro
4074 2452 4078 2458 .

685 2520 908 2583 marito
952 2517 1319 2583 devoverit?
1387 2516 1588 2583 Orcus
1636 2521 1863 2605 igitur,
1924 2525 2269 2604 conspeetu
2316 2521 2662 2605 ApolliniS,
2727 2541 2916 2606 quem
2962 2521 3085 2586 sibi
3132 2523 3678 2601 inimicissimum,
3749 2521 4015 2585 Admeto

687 2639 1150 2703 amicissimum
1188 2657 1332 2704 esse
1376 2639 1544 2703 haud
1586 2641 1830 2704 inscius
1868 2645 2030 2722 erat,
2075 2642 2327 2704 territus
2371 2645 2433 2704 et
2472 2640 2870 2724 perturbatus
2915 2644 2980 2706 in
3028 2662 3176 2707 eum
3221 2642 3540 2706 invehitur
3580 2645 3669 2706 ira
3714 2643 3779 2705 in
3825 2643 4018 2705 inter-

686 2746 966 2844 rogando
1009 2761 1214 2845 magis
1280 2760 1612 2845 magisque
1671 2763 2012 2825 crescente.
2109 2759 2249 2825 Hoe
2295 2761 2478 2825 modo
2524 2763 2588 2825 in
2636 2765 3007 2828 universum
3052 2762 3266 2826 omnia
3308 2761 3471 2826 bene
3516 2763 3890 2846 procedunt3
3957 2766 4019 2826 at

687 2898 818 2944 non
862 2879 1004 2943 sine
1046 2898 1241 2944 eausa
1282 2878 1642 2945 Nauekium
1670 2881 1716 2962 ¹)
1781 2879 2106 2945 offendunt
2152 2902 2208 2947 v.
2253 2882 2328 2944 31
2378 2881 2572 2946 verba
2636 2872 3054 2968 ἀφοριζόμενος
3091 2884 3191 2944 καὶ
3234 2874 3647 2961 καταπαύωνς,
3702 2903 3864 2968 quae
3908 2903 4017 2947 ex-

683 2998 983 3083 pellenda
1026 3003 1221 3083 putat,
1266 3001 1418 3084 quia
1462 3002 1635 3064 notio
1678 2998 1858 3065 verbi
1899 2991 2289 3087 ἀφορίζεσθαι
2352 3003 2418 3064 in
2463 3002 2631 3065 hune
2674 3001 2882 3063 locum
2927 3019 3056 3063 non
3101 3001 3362 3084 quadret
3465 3004 3550 3064 At
3589 3001 3743 3064 mihi
3787 3003 3852 3063 in
3898 3000 4016 3063 hoe

685 3120 1147 3184 sententiarum
1192 3137 1448 3182 conexu
1493 3118 1754 3182 verbum
1802 3109 2171 3180 καταπαύων
2216 3120 2475 3183 omnino
2519 3119 2665 3183 ferri
2709 3139 2837 3182 non
2883 3138 3072 3201 posse
3115 3120 3398 3201 videtur,
3443 3123 3696 3184 econtra
3738 3108 4015 3204 ἀφοριζό-

687 3258 859 3323 μενος
903 3239 1113 3303 solum
1156 3238 1587 3322 Euripideum.
1682 3238 1844 3302 Nam
1891 3238 2044 3322 quid
2092 3240 2216 3303 iam
2262 3243 2450 3303 antea
2495 3239 2721 3323 Apollo
2787 3240 3065 3324 perfecit,
3134 3240 3301 3323 quod
3362 3258 3536 3302 nunc
3601 3256 3823 3303 rursus
3868 3256 4016 3300 eum

685 3358 989 3443 perficere
1029 3359 1197 3450 velle
1228 3360 1600 3459 'suspicatur
1663 3358 1909 3423 Oreus?
1976 3358 2099 3440 Eo,
2133 3360 2332 3451 „quod
2375 3358 2606 3424 Parcas
2677 3360 2923 3441 fefellit,
2991 3359 3230 3439 effecit,
3289 3378 3370 3423 ne
3436 3359 3747 3423 Admetus
3812 3359 4021 3421 statim

687 3484 1070 3562 moreretur,
1134 3463 1246 3544 sed
1312 3498 1482 3544 mors
1546 3482 1687 3544 eius
1734 3481 1797 3543 in
1859 3481 2174 3562 posterius
2237 3483 2491 3564 tempus
2554 3481 2919 3544 differretur.
3024 3479 3242 3564 Itaque
3276 3499 3403 3542 non
3448 3460 3784 3541 καταπαύει
3847 3473 4024 3565 τιμὰς

686 3598 895 3687 ἐνέρων
947 3636 1013 3646 -
1088 3599 1151 3663 id
1201 3599 1372 3684 quod
1434 3603 1571 3664 tum
1617 3603 1863 3664 tantum
1910 3600 2033 3664 diei
2075 3603 2318 3684 posset,
2387 3602 2442 3664 si
2481 3600 2707 3684 Apollo
2754 3601 3100 3681 effecisset,
3168 3605 3236 3663 ut
3278 3599 3549 3663 Admeto
3594 3602 3855 3664 omnino
3895 3617 4021 3662 non

688 3719 1086 3785 moriendum
1128 3723 1298 3783 esset
1347 3757 1408 3766 —
1466 3721 1577 3784 sed
1641 3712 1986 3808 ἀφορίζεται
2028 3716 2207 3807 τιμὰς
2273 3721 2482 3808 ἐνέρων
2546 3723 2586 3784 i.
2632 3740 2685 3785 e.
2748 3725 2819 3784 ut
2881 3723 2967 3784 ita
3009 3721 3252 3799 dicam,
3314 3723 3518 3781 certos
3555 3719 3716 3784 fines
3762 3719 4029 3802 imponit

686 3841 1054 3926 provinciae
1098 3839 1362 3904 deorum
1403 3839 1781 3923 inferorum,
1850 3841 1955 3906 vel
2002 3843 2233 3907 minuit
2277 3841 2538 3905 deorum
2585 3842 2928 3924 potentiam
2972 3842 3066 3921 (er
3101 3840 3475 3921 schmalert).
3566 3838 3773 3903 Medio
3816 3842 4027 3902 autem

686 3979 922 4046 genere
967 3960 1143 4025 verbi
1211 3953 1604 4048 ἀφορίζεσθαι
1670 3964 1868 4028 utitur
1908 3970 2115 4049 poeta,
2182 3966 2349 4050 quod
2405 3965 2719 4048 Apollinis
2785 3963 3168 4047 permultum
3213 3964 3476 4027 interest
3541 3965 3805 4025 mortem
3847 3961 4032 4025 Aloe-

690 4080 873 4145 stidis
912 4081 1227 4148 retardari.
1311 4080 1491 4148 Haeo
1533 4084 1724 4149 huius
1768 4084 1987 4166 verbi,
2059 4084 2229 4169 quod
2293 4085 2664 4167 ceteroquin
2726 4086 2895 4168 apud
2936 4087 3206 4169 tragicos
3251 4102 3377 4146 uon
3425 4085 3791 4164 usurpatur,
3856 4080 4028 4143 notio

689 4200 988 4265 hocloco
1032 4203 1361 4285 aptissima
1428 4204 1693 4269 videtur.
1784 4204 1993 4270 Simili
2059 4205 2248 4268 modo
2293 4205 2444 4268 dicit
2500 4203 2806 4269 Isocrates
2881 4208 2940 4288 ὃ,
2990 4204 3107 4268 110
3172 4195 3373 4289 χώραν
3437 4198 3839 4287 ἀφορίσασθαι
3882 4202 3920 4263 i.
3968 4218 4027 4293 e·

685 4329 888 4388 terrae
930 4323 1095 4390 fines
1140 4326 1467 4409 imponere
1514 4325 1617 4390 vel
1661 4324 1783 4389 sibi
1827 4329 2057 4389 terram
2104 4343 2332 4388 novam
2379 4324 2706 4407 subicere,
2767 4326 3119 4390 alienorum
3164 4328 3392 4386 terram
3436 4324 3723 4385 minuere
3856 4318 4033 4395 Quae

687 4464 837 4508 enm
880 4446 969 4510 ita
1009 4446 1157 4529 sint,
1200 4445 1499 4530 equidem
1543 4446 1703 4511 haee
1767 4445 1962 4510 verba
2024 4446 2126 4507 καὶ
2187 4437 2558 4508 καταπαύων
2621 4445 2909 4509 eicienda
2971 4462 3118 4507 esso
3158 4446 3340 4525 puto,
3404 4445 3620 4524 utpote
3687 4439 3765 4503 ab
3811 4441 4027 4525 aliquo

689 4566 1141 4649 interpretandi
1184 4584 1379 4630 causa
1420 4565 1519 4630 ad.
1561 4557 1982 4653 ἀφοριζόμενος
2051 4566 2116 4629 in
2164 4567 2452 4649 margine
2522 4565 2831 4649 adscripta
2896 4569 2958 4628 et
3023 4567 3243 4647 postea
3307 4562 3463 4626 falso
3507 4563 3575 4625 in
3640 4566 3888 4625 textum
3932 4563 4026 4624 iu-

690 4688 871 4750 serta.
980 4683 1157 4763 Quae
1199 4687 1254 4750 si
1298 4689 1464 4752 reete
1506 4691 1658 4751 suut
1699 4685 2041 4770 disputata,
2108 4685 2305 4749 multo
2371 4686 2576 4768 magis
2622 4683 2939 4749 Wheeleri
3004 4684 3318 4748 sententia
3363 4680 3695 4746 abicienda
3737 4686 3870 4762 est,
3925 4680 4036 4764 qui

688 4806 1048 4872 Nauekium
1089 4812 1347 4872 secutus
1392 4812 1640 4890 praeter
1685 4827 1743 4869 v,
1791 4807 1867 4870 31
1915 4808 2105 4870 etiam
2171 4825 2230 4869 v,
2276 4805 2356 4868 30
2400 4804 2607 4882 tollit3
2675 4826 2821 4870 nam
2868 4806 3215 4869 enuntiatis
3258 4803 3385 4867 illis
3430 4794 3649 4877 ἀδικεῖς
3712 4795 3787 4889 αὖ
3832 4807 3895 4868 et
3935 4809 4037 4874 νῦν

1023 5062 1074 5131 l)
1112 5061 1336 5132 Euripid
1390 5060 1540 5116 stud.
1580 5061 1637 5115 11
1673 5062 1828 5133 12:49
1866 5062 1923 5114 et
1960 5060 2047 5114 50.
