4609 5692
2162 436 2673 507 -22—

1115 647 1580 710 Examinemus
1623 666 1806 731 porro
1854 666 2084 711 versus
2125 648 2578 712 antecedentes
2625 647 2978 709 662-665,

1618 759 1828 852 τοιγάρ
1873 757 2148 852 φυτεύων
2192 759 2409 841 παῖδας
2456 763 2649 829 οὐκέτ’
2701 761 2773 826 ἂν
2816 756 3073 851 φθάνοις

1619 892 1672 948 οἱ
1714 877 2226 972 γηροβοσκήσουσι
2271 887 2372 948 καὶ
2415 876 2685 949 θανόντα
2730 883 2798 946 σέ

1617 1009 2032 1091 περιστελοῦσι
2074 1007 2176 1068 καὶ
2219 997 2631 1093 προθήσονται
2673 995 2887 1089 νεκρόν.

1619 1122 1688 1186 οὐ
1732 1119 1843 1211 γάρ
1888 1122 1933 1187 σ’
1988 1129 2183 1210 ἔγωγε
2230 1116 2365 1207 τῇδ’
2420 1125 2534 1209 ἐμῇ
2578 1114 2766 1207 θάψω
2810 1121 2954 1207 χερί.

777 1237 944 1315 Quid
995 1242 1147 1305 haec
1194 1241 1389 1306 verba
1451 1242 1575 1307 sibi
1618 1245 1891 1308 volunt?
1988 1244 2233 1310 Sensus
2288 1263 2594 1308 versuum
2641 1244 2806 1307 alius
2873 1259 3018 1305 esse
3082 1259 3210 1303 non
3256 1244 3461 1324 potest
3521 1243 3646 1304 nisi
3716 1242 3843 1304 hie:
3914 1241 4146 1305 liberos

772 1361 1037 1444 gignere
1081 1363 1210 1426 iam
1259 1381 1388 1426 non
1432 1366 1631 1446 poteS‚
1678 1366 1792 1448 qui
1840 1368 1900 1428 te
1945 1337 2165 1429 senem
2214 1366 2526 1429 nutriant!
2616 1366 2703 1427 At
2744 1382 2858 1426 cur
2900 1362 3020 1425 hoc
3048 1361 3395 1424 Admetum
3440 1361 3648 1425 dicere
3678 1364 3907 1445 putas?
3970 1360 4143 1426 Nihil

776 1480 947 1544 aliud
992 1482 1150 1564 vult,
1196 1502 1388 1567 quam
1434 1502 1667 1547 novam
1712 1484 1934 1548 afferre
1977 1503 2260 1566 eausam,
2303 1503 2420 1547 cur
2460 1481 2699 1546 Pheres
2741 1484 2946 1554 καλῶς
2989 1483 3255 1545 mortem
3302 1479 3527 1543 obierit
3571 1492 3692 1563 pro
3737 1498 3825 1544 se.
3918 1480 4146 1547 Dicere

772 1600 929 1680 vult,
973 1596 1307 1693 Pheretem
1353 1603 1514 1665 mori
1560 1600 1882 1685 debuisse,
1913 1604 2065 1686 quia
2109 1621 2238 1665 non
2285 1620 2539 1686 sperare
2584 1604 2845 1685 poterat,
2883 1620 2974 1678 se,
3021 1602 3078 1663 si
3103 1599 3414 1663 Admetus
3445 1603 3734 1663 mortuus
3780 1606 3970 1684 esset,
3999 1623 4146 1667 cum

774 1721 915 1799 ipse
958 1718 1116 1780 mori
1164 1718 1379 1801 nollet,
1423 1719 1580 1782 alios
1620 1718 1852 1783 liberos
1895 1721 2264 1804 geniturum
2321 1738 2485 1784 esse.
2574 1719 2944 1784 Absurdum
3005 1721 3200 1803 igitur
3251 1722 3377 1801 est,
3423 1719 3591 1802 quod
3651 1719 3847 1784 addit:
3914 1718 3983 1783 οὐ
4034 1716 4147 1808 γάρ

775 1832 819 1896 σ’
833 1838 1028 1920 ἔγωγε
1058 1828 1191 1918 τῇδ’
1240 1838 1352 1922 ἐμῇ
1377 1829 1564 1923 θάψω
1606 1841 1749 1925 χερὶ.
1797 1838 1974 1904 Haec
2003 1839 2199 1905 verba
2227 1845 2364 1904 tum
2407 1845 2651 1905 tantum
2686 1860 2950 1905 sensum
2977 1839 3301 1921 haberent,
3332 1841 3388 1902 si
3420 1839 3731 1903 Admetus
3756 1842 3822 1902 in
3858 1840 4149 1905 versibus

773 1954 1296 2021 antecedentibus
1345 1954 1591 2022 Phereti
1645 1960 1983 2041 suasisset,
2029 1963 2099 2024 ut
2153 1960 2312 2024 alios
2369 1959 2602 2023 liberos
2653 1962 2972 2044 gigneret,
3023 1961 3061 2023 i.
3109 1978 3163 2023 e.
3222 1960 3275 2022 si
3318 1958 3615 2023 traditum
3685 1964 3856 2023 esset
3917 1981 3976 2022 v,
4026 1960 4148 2023 662

772 2069 982 2161 τοιγάρ
1024 2066 1368 2161 φυτεύων
1409 2068 1626 2151 παῖδας
1670 2076 1796 2141 οὐκ
1840 2074 1921 2140 ἀν
1965 2070 2305 2166 φθάνοις;
2354 2081 2570 2164 itaque
2603 2100 2662 2142 v,
2697 2080 2820 2142 665
2866 2079 3175 2143 delendus
3221 2082 3347 2158 est;
3393 2079 3644 2143 additus
3674 2083 3774 2142 est
3801 2078 3879 2144 ab
3912 2080 4147 2164 alique,

775 2195 885 2278 qui
930 2215 988 2257 v,
1036 2195 1158 2258 662
1203 2194 1360 2260 falso
1408 2198 1742 2278 intellexit,
1788 2201 1969 2282 quasi
2016 2199 2123 2264 ille
2170 2218 2397 2264 versus
2444 2200 2943 2263 adhortationem
2990 2197 3278 2262 Pheretis
3325 2199 3730 2282 significaret.

1108 2313 1417 2401 Denique
1468 2318 1797 2382 videamus
1863 2338 1973 2401 ea,
2036 2338 2200 2403 quae
2269 2320 2445 2384 hisce
2505 2320 2800 2384 versibus
2864 2317 3252 2384 antecedunt
3316 2337 3374 2379 v.
3425 2317 3548 2380 658
3581 2319 3783 2400 -661,
3825 2338 3989 2403 quae
4052 2320 4146 2381 sic

773 2434 998 2498 tradita
1042 2439 1218 2498 sunt:

1617 2551 1687 2617 οὐ
1731 2549 1846 2641 μὴν
1889 2556 2032 2642 ἐρεῖς
2072 2555 2146 2641 γέ
2190 2554 2245 2642 μ’
2301 2549 2401 2630 ὡς,
2449 2546 2827 2639 ἀτιμάζοντα
2873 2552 2976 2618 σὸν

1616 2678 1801 2760 γῆράς
1844 2681 2048 2738 θανεῖν
2087 2668 2458 2762 προῦδωκας,
2504 2674 2669 2750 ὅστις
2713 2667 3013 2762 αἰδόφρων

1612 2789 1753 2881 πρὸς
1795 2793 1839 2855 σ’
1888 2786 1925 2864 ἦ
1973 2786 2258 2879 μάλιστα,
2304 2796 2476 2857 καντὶ
2519 2786 2718 2857 τῶνδέ
2761 2817 2864 2880 μοι
2905 2786 3075 2881 χάριν
3506 2795 3630 2858 660

1611 2903 1850 2975 τοιάνδε
1893 2914 1994 2975 καὶ
2030 2908 2100 2975 σὺ
2137 2911 2220 2998 χῆ
2266 2910 2498 2976 τεκοῢᾰ
2554 2903 2923 2987 ἠλλαξάτην.

779 3026 983 3094 Verba
1027 3021 1403 3115 ἀτιμάζοντα
1457 3026 1560 3093 σὸν
1599 3037 1617 3104 ΙΙ
1661 3036 1847 3117 γῆρας
1914 3038 2117 3095 θανεῖν
2190 3025 2544 3119 προῦδωκας
2605 3036 2817 3117 aperte
2892 3036 3183 3116 corrupta
3246 3037 3414 3096 sunt.
3501 3032 3782 3114 Versus,¹
3831 3034 3942 3117 qui
3998 3037 4145 3097 ante

771 3149 1026 3230 cedunt,
1071 3168 1332 3213 causam
1378 3151 1672 3233 afferunt,
1714 3170 1829 3215 eur
1871 3149 2109 3215 Pheres
2155 3155 2361 3225 καλῶς
2413 3154 2704 3216 mortuus
2749 3153 2862 3233 sit,
2908 3170 3142 3234 nempe
3187 3152 3377 3214 hanc:
3451 3149 3554 3214 Me
3608 3150 3810 3215 filium
3865 3130 4144 3216 habebas

775 3269 882 3350 ita,
929 3272 998 3333 ut
1042 3268 1156 3333 tibi
1217 3271 1574 3334 timendum
1636 3290 1764 3335 non
1810 3276 2009 3352 esset,
2057 3290 2138 3335 ne
2180 3271 2441 3335 domum
2505 3277 2681 3336 tuam
2726 3272 2953 3335 alienis
2997 3271 3394 3354 relinqueres
3460 3270 3895 3355 diripiendam.
3983 3269 4146 3335 Item

774 3405 1024 3471 versus,
1069 3391 1179 3471 qui
1224 3394 1367 3473 post
1424 3409 1483 3452 v.
1534 3390 1648 3453 661
1695 3394 2073 3474 sequuntur,
2126 3404 2388 3455 causam
2447 3392 2669 3456 afferre
2731 3393 3050 3473 vidimuS,
3107 3410 3336 3474 nempe
3379 3390 3570 3453 hanc:
3639 3388 3800 3454 Mori
3851 3386 4148 3472 debebaS,

772 3526 920 3570 nam
965 3508 1124 3571 alios
1173 3507 1409 3573 liberos
1451 3510 1719 3593 gignere
1762 3529 1890 3572 non
1936 3514 2133 3594 potes,
2219 3509 2466 3595 Itaque,
2510 3530 2659 3576 eum
2703 3531 2761 3573 v.
2804 3512 2927 3574 658
2971 3512 3237 3593 incipiat
3278 3530 3317 3573 a
3355 3508 3570 3572 verbis
3616 3505 3685 3570 οὐ
3732 3503 3848 3594 μὴν
3890 3509 4033 3595 ἐρεῖς
4073 3531 4145 3594 γε

772 3627 1180 3691 statuendum
1226 3629 1365 3710 erit,
1407 3631 1471 3691 in
1516 3628 1730 3692 verbis
1776 3632 2090 3713 corruptis
2132 3630 2330 3695 latere
2374 3630 2638 3715 aliquid,
2684 3630 2855 3713 quod
2885 3628 3124 3693 Pheres
3153 3649 3265 3713 pro
3298 3648 3416 3693 sua
3447 3648 3644 3693 causa
3673 3629 3892 3695 afferre
3922 3631 4145 3714 possit,

771 3746 1068 3830 quodque
1128 3747 1228 3811 his
1284 3747 1578 3812 versibus
1623 3748 1937 3813 Admetus
1981 3750 2254 3814 refutare
2299 3754 2582 3813 conetur.
2667 3748 2808 3814 Hoc
2839 3769 2986 3814 cum
3020 3749 3177 3813 mihi
3209 3750 3674 3834 persuasissem
3707 3753 3898 3833 atque
3924 3750 4145 3815 memi-

771 3868 1014 3931 nissem
1039 3865 1369 3931 Pheretcm
1395 3888 1453 3929 v,
1478 3869 1603 3933 694
1623 3873 1687 3932 et
1709 3888 1883 3953 seqq.
1907 3868 2111 3933 filium
2137 3870 2434 3954 ignaviae
2457 3873 2854 3953 arguentem,
2880 3869 3047 3953 quod
3073 3888 3202 3932 non
3225 3871 3366 3951 ipse
3384 3873 3671 3933 mortuus
3690 3873 3880 3949 esset,
3911 3867 4145 3931 Adme-

768 3987 1037 4070 tumque
1050 4004 1121 4050 se
1140 3988 1352 4070 ipsum
1377 4007 1434 4050 ν.
1455 3989 1575 4052 954
1596 3992 1658 4052 et
1682 4007 1856 4072 seqq.
1891 3992 2321 4071 accusantem,
2347 3989 2500 4053 haee
2523 3962 2815 4072 corrupta
2831 3987 3027 4053 verba
3050 3989 3221 4052 hune
3243 3988 3378 4052 fere
3405 3990 3470 4051 in
3499 3987 3756 4052 modum
3777 3987 4141 4051 emendavi:

1607 4105 1675 4169 οὒ
1722 4102 1839 4193 μὴν
1882 4108 2026 4193 ἐρεῖς
2065 4106 2140 4191 γέ
2179 4105 2234 4192 μ’
2286 4101 2370 4181 ὡς
2409 4098 2768 4193 ἀτιμάζω
2811 4101 2905 4169 τὰ
2949 4111 3075 4170 σοῦ

1610 4224 1739 4288 κού
1781 4220 1959 4301 τλάς
2002 4233 2205 4289 θανεῖν
2247 4217 2653 4312 προῦδωκα
2710 4224 2784 4305 σ’,
2832 4223 2998 4301 ὅστις
3038 4217 3342 4313 αἰδὸφρων
3385 4230 3521 4289 κτλ.

769 4345 1011 4409 Sensus
1058 4351 1192 4410 tum
1244 4347 1346 4410 hie
1389 4352 1513 4411 est:
1594 4346 1697 4411 Me
1742 4346 1948 4411 filium
1994 4346 2295 4429 habebaS,
2340 4351 2413 4411 ut
2457 4347 2716 4412 domum
2765 4366 2894 4410 non
2952 4346 3094 4410 aliis
3149 4348 3512 4430 relinquere
3574 4346 3871 4425 deberes;
3933 4365 4147 4430 neque

770 4466 979 4529 dicere
1026 4470 1230 4549 poteS,
1275 4486 1410 4549 me,
1454 4469 1564 4551 qui
1608 4485 1862 4551 semper
1915 4468 2022 4550 pio
2076 4468 2144 4531 in
2204 4472 2265 4530 te
2321 4469 2535 4530 animo
2590 4486 2795 4547 eram,
2831 4471 2893 4530 te
2937 4486 3066 4531 non
3129 4466 3407 4532 coluisse
3471 4471 3534 4532 et
3588 4487 3694 4549 eo,
3752 4467 3921 4551 quod
3976 4477 4145 4538 mori

770 4585 1064 4649 nolebam
1094 4635 1110 4668 ,
1195 4591 1255 4649 te
1329 4585 1681 4669 prodidisse
1751 4589 1944 4670 atque
2017 4586 2210 4651 huius
2282 4588 2373 4650 rei
2448 4589 2510 4649 te
2584 4589 2978 4669 matremque
3042 4586 3199 4649 mihi
3267 4587 3432 4652 hanc
3495 4589 3764 4671 gratiam
3826 4587 4145 4665 retulisse·

772 4703 949 4780 Quae
993 4707 1050 4769 si
1092 4705 1485 4789 probaveris,
1529 4706 1705 4769 hune
1750 4706 2012 4771 alterius
2055 4707 2251 4791 partis
2316 4706 2617 4770 orationis
2660 4705 2916 4769 Admeti
2969 4724 3234 4770 sensum
3289 4705 3584 4770 habebis:
3645 4707 3944 4772 Attamen
4000 4725 4147 4770 cum

770 4824 1009 4889 honore
1054 4830 1324 4890 mortem
1369 4824 1676 4907 obiisses;
1722 4846 1871 4890 nam
1913 4846 2025 4910 pro
2070 4825 2202 4889 filio
2248 4828 2357 4889 tuo
2402 4829 2692 4891 mortuus
2738 4843 2937 4907 esseS,
2979 4825 3225 4910 tibique
3268 4827 3396 4892 iam
3441 4847 3573 4892 non
3624 4827 3735 4891 diu
3791 4826 4146 4891 vivendum

771 4949 905 5011 erat
946 4947 1096 5028 (648
1125 4946 1322 5028 -50);
1368 4964 1485 5029 per
1528 4949 1722 5011 totam
1769 4948 1963 5010 vitam
2009 4945 2171 5009 nihil
2217 4948 2345 5010 nisi
2391 4944 2632 5010 bonum
2679 4942 2795 5007 tibi
2839 4947 3131 5030 contigit3
3177 4965 3281 5011 me
3327 4948 3532 5012 filium
3578 4952 3643 5013 et
3698 4964 4144 5013 successorem

771 5068 955 5151 regni
997 5064 1277 5130 habebas
1323 5068 1559 5148 (neque
1604 5066 1815 5130 dicere
1858 5070 2041 5148 potes
2085 5084 2190 5130 me
2233 5070 2296 5130 te
2343 5085 2474 5130 non
2517 5064 2758 5128 honore
2788 5064 3079 5131 affecisse
3121 5066 3223 5130 vel
3255 5070 3315 5130 te
3346 5067 3723 5151 prodidisse)
3754 5066 4146 5150 (653-661)
